Date,Category,Campaign Name,Impressions,Clicks,Conversions,Revenue,Cost,Daily Budget,,,,,,,,,,,,,,,
1/12/20,Pets,Pets - Campaign 2,9380,301,11,72.62,79.13,250,,,,,,,,,,,,,,,
1/13/20,Pets,Pets - Campaign 2,9098,242,7,69.72,66.67,250,,,,,,,,,,,,,,,
1/14/20,Pets,Pets - Campaign 2,7775,211,10,80.25,60.46,250,,,,,,,,,,,,,,,
1/15/20,Pets,Pets - Campaign 2,7192,246,11,63.72,71.77,250,,,,,,,,,,,,,,,
1/3/20,Pets,Pets - Campaign 2,10354,272,7,72.41,85.22,250,,,,,,,,,,,,,,,
1/4/20,Pets,Pets - Campaign 2,10291,302,14,107.13,100.14,250,,,,,,,,,,,,,,,
1/5/20,Pets,Pets - Campaign 2,10726,317,14,163.77,102.21,250,,,,,,,,,,,,,,,
1/6/20,Pets,Pets - Campaign 2,9880,257,9,35.81,78.47,250,,,,,,,,,,,,,,,
1/20/20,Pets,Pets - Campaign 2,6595,186,6,68.94,55.86,250,,,,,,,,,,,,,,,
1/21/20,Pets,Pets - Campaign 2,5767,158,5,41.15,47.67,250,,,,,,,,,,,,,,,
1/22/20,Pets,Pets - Campaign 2,5835,182,6,29.9,55.23,250,,,,,,,,,,,,,,,
1/23/20,Pets,Pets - Campaign 2,6103,200,8,0,72.58,250,,,,,,,,,,,,,,,
1/1/20,Pets,Pets - Campaign 2,11473,314,16,131.28,102.09,250,,,,,,,,,,,,,,,
1/8/20,Pets,Pets - Campaign 2,9188,254,7,59.67,70.01,250,,,,,,,,,,,,,,,
1/10/20,Pets,Pets - Campaign 2,7416,192,8,68.02,55,250,,,,,,,,,,,,,,,
1/17/20,Pets,Pets - Campaign 2,7335,210,7,80.88,64.16,250,,,,,,,,,,,,,,,
1/19/20,Pets,Pets - Campaign 2,8430,268,10,101.97,89.2,250,,,,,,,,,,,,,,,
1/24/20,Pets,Pets - Campaign 2,5652,161,6,89.6,50.46,250,,,,,,,,,,,,,,,
1/26/20,Pets,Pets - Campaign 2,5298,171,10,88.67,52.3,250,,,,,,,,,,,,,,,
1/2/20,Pets,Pets - Campaign 2,10995,269,13,66.96,83.08,250,,,,,,,,,,,,,,,
1/7/20,Pets,Pets - Campaign 2,10130,260,11,107.84,78.83,250,,,,,,,,,,,,,,,
1/9/20,Pets,Pets - Campaign 2,8728,228,7,52.57,66.65,250,,,,,,,,,,,,,,,
1/11/20,Pets,Pets - Campaign 2,7322,234,13,103.89,65.07,250,,,,,,,,,,,,,,,
1/16/20,Pets,Pets - Campaign 2,7730,215,6,82.1,65.3,250,,,,,,,,,,,,,,,
1/18/20,Pets,Pets - Campaign 2,8722,236,9,50.57,85.42,250,,,,,,,,,,,,,,,
1/25/20,Pets,Pets - Campaign 2,5789,174,11,62.43,55.66,250,,,,,,,,,,,,,,,
1/28/20,Pets,Pets - Campaign 2,5708,154,10,85.89,49.16,250,,,,,,,,,,,,,,,
1/29/20,Pets,Pets - Campaign 2,5908,178,7,52.57,55.59,250,,,,,,,,,,,,,,,
1/30/20,Pets,Pets - Campaign 2,6561,178,7,42.81,50.44,250,,,,,,,,,,,,,,,
1/31/20,Pets,Pets - Campaign 2,6630,169,8,70.19,46.78,250,,,,,,,,,,,,,,,
2/1/20,Pets,Pets - Campaign 2,8344,176,11,73.8,49.92,250,,,,,,,,,,,,,,,
2/14/20,Pets,Pets - Campaign 2,6975,135,6,43.39,37.34,250,,,,,,,,,,,,,,,
2/15/20,Pets,Pets - Campaign 2,8512,157,5,59.21,43.56,250,,,,,,,,,,,,,,,
2/16/20,Pets,Pets - Campaign 2,8400,185,9,26.19,52.56,250,,,,,,,,,,,,,,,
2/17/20,Pets,Pets - Campaign 2,8303,176,5,23.61,49.42,250,,,,,,,,,,,,,,,
2/6/20,Pets,Pets - Campaign 2,7447,159,9,54.04,47.66,250,,,,,,,,,,,,,,,
2/7/20,Pets,Pets - Campaign 2,8101,164,6,52.18,47.53,250,,,,,,,,,,,,,,,
2/8/20,Pets,Pets - Campaign 2,10936,201,9,82.84,63.36,250,,,,,,,,,,,,,,,
2/9/20,Pets,Pets - Campaign 2,10314,211,10,91.27,63.59,250,,,,,,,,,,,,,,,
2/22/20,Pets,Pets - Campaign 2,7285,181,8,75.47,51.21,250,,,,,,,,,,,,,,,
2/2/20,Pets,Pets - Campaign 2,8568,200,9,77.6,59,250,,,,,,,,,,,,,,,
2/4/20,Pets,Pets - Campaign 2,9282,178,6,39.31,57.9,250,,,,,,,,,,,,,,,
2/11/20,Pets,Pets - Campaign 2,6835,156,9,63.21,44.69,250,,,,,,,,,,,,,,,
2/13/20,Pets,Pets - Campaign 2,7223,125,5,29.76,35.2,250,,,,,,,,,,,,,,,
2/18/20,Pets,Pets - Campaign 2,6267,157,7,36.82,45.35,250,,,,,,,,,,,,,,,
2/20/20,Pets,Pets - Campaign 2,5866,127,4,39.17,35.12,250,,,,,,,,,,,,,,,
3/2/20,Pets,Pets - Campaign 2,7163,162,6,61.34,52.69,250,,,,,,,,,,,,,,,
3/3/20,Pets,Pets - Campaign 2,7677,161,8,69.78,53.7,250,,,,,,,,,,,,,,,
3/4/20,Pets,Pets - Campaign 2,6645,158,10,81.17,48.7,250,,,,,,,,,,,,,,,
3/5/20,Pets,Pets - Campaign 2,5298,137,6,56.55,39.84,250,,,,,,,,,,,,,,,
3/18/20,Pets,Pets - Campaign 2,7294,195,10,61.99,70.76,250,,,,,,,,,,,,,,,
2/23/20,Pets,Pets - Campaign 2,7989,210,10,101.96,62.1,250,,,,,,,,,,,,,,,
2/24/20,Pets,Pets - Campaign 2,7901,177,7,40.83,49.7,250,,,,,,,,,,,,,,,
2/25/20,Pets,Pets - Campaign 2,5920,145,4,17.76,46.79,250,,,,,,,,,,,,,,,
2/26/20,Pets,Pets - Campaign 2,5530,137,4,51.65,43.46,250,,,,,,,,,,,,,,,
3/10/20,Pets,Pets - Campaign 2,6318,178,7,47.26,52.35,250,,,,,,,,,,,,,,,
3/11/20,Pets,Pets - Campaign 2,6395,168,8,32.53,46.09,250,,,,,,,,,,,,,,,
3/12/20,Pets,Pets - Campaign 2,5558,152,7,71.79,46.67,250,,,,,,,,,,,,,,,
3/13/20,Pets,Pets - Campaign 2,5260,142,8,52.13,43.1,250,,,,,,,,,,,,,,,
1/27/20,Pets,Pets - Campaign 2,5480,148,8,53.76,45.37,250,,,,,,,,,,,,,,,
2/3/20,Pets,Pets - Campaign 2,9222,188,9,69.21,60.18,250,,,,,,,,,,,,,,,
2/5/20,Pets,Pets - Campaign 2,8515,181,8,36.66,54.31,250,,,,,,,,,,,,,,,
2/10/20,Pets,Pets - Campaign 2,8428,164,4,28.89,46.7,250,,,,,,,,,,,,,,,
2/12/20,Pets,Pets - Campaign 2,7047,143,6,57.08,42.13,250,,,,,,,,,,,,,,,
2/19/20,Pets,Pets - Campaign 2,6226,147,5,21.42,43.25,250,,,,,,,,,,,,,,,
2/27/20,Pets,Pets - Campaign 2,6294,139,6,42.85,46.85,250,,,,,,,,,,,,,,,
2/29/20,Pets,Pets - Campaign 2,7648,177,10,87,55,250,,,,,,,,,,,,,,,
3/7/20,Pets,Pets - Campaign 2,6428,168,6,41.77,52.14,250,,,,,,,,,,,,,,,
3/9/20,Pets,Pets - Campaign 2,6916,175,8,52.12,51.13,250,,,,,,,,,,,,,,,
3/14/20,Pets,Pets - Campaign 2,5140,166,10,65.81,56.9,250,,,,,,,,,,,,,,,
3/16/20,Pets,Pets - Campaign 2,6894,168,6,54.55,58.39,250,,,,,,,,,,,,,,,
3/19/20,Pets,Pets - Campaign 2,8301,233,13,107.31,64.35,250,,,,,,,,,,,,,,,
3/20/20,Pets,Pets - Campaign 2,7755,200,12,76.53,60.47,250,,,,,,,,,,,,,,,
3/21/20,Pets,Pets - Campaign 2,10041,232,17,195.66,82.99,250,,,,,,,,,,,,,,,
3/22/20,Pets,Pets - Campaign 2,11611,324,24,206.17,121.53,250,,,,,,,,,,,,,,,
4/4/20,Pets,Pets - Campaign 2,19599,419,33,209.84,171.22,250,,,,,,,,,,,,,,,
4/5/20,Pets,Pets - Campaign 2,18676,464,35,183.8,187.31,250,,,,,,,,,,,,,,,
4/6/20,Pets,Pets - Campaign 2,20636,404,23,152.78,156.97,250,,,,,,,,,,,,,,,
4/7/20,Pets,Pets - Campaign 2,18583,373,22,149.98,153.36,250,,,,,,,,,,,,,,,
3/27/20,Pets,Pets - Campaign 2,17453,366,21,100.36,122.22,250,,,,,,,,,,,,,,,
3/28/20,Pets,Pets - Campaign 2,22892,488,26,194.39,169.31,250,,,,,,,,,,,,,,,
3/29/20,Pets,Pets - Campaign 2,26904,525,31,258.15,199.84,250,,,,,,,,,,,,,,,
3/30/20,Pets,Pets - Campaign 2,25138,397,22,138.61,145.92,250,,,,,,,,,,,,,,,
4/13/20,Pets,Pets - Campaign 2,25771,465,27,184.13,180.02,250,,,,,,,,,,,,,,,
4/14/20,Pets,Pets - Campaign 2,21370,393,29,151.34,154.69,250,,,,,,,,,,,,,,,
3/23/20,Pets,Pets - Campaign 2,13218,259,16,116.87,98.7,250,,,,,,,,,,,,,,,
3/25/20,Pets,Pets - Campaign 2,15072,310,20,151.36,118.54,250,,,,,,,,,,,,,,,
4/1/20,Pets,Pets - Campaign 2,16641,336,23,197.28,120.12,250,,,,,,,,,,,,,,,
4/3/20,Pets,Pets - Campaign 2,14434,339,18,117.33,111.35,250,,,,,,,,,,,,,,,
4/8/20,Pets,Pets - Campaign 2,16924,345,26,205.5,146.02,250,,,,,,,,,,,,,,,
4/10/20,Pets,Pets - Campaign 2,17853,376,24,177.77,141.58,250,,,,,,,,,,,,,,,
4/12/20,Pets,Pets - Campaign 2,22536,502,30,237.67,202.04,250,,,,,,,,,,,,,,,
4/21/20,Pets,Pets - Campaign 2,22338,392,23,203.89,164.06,250,,,,,,,,,,,,,,,
4/22/20,Pets,Pets - Campaign 2,19957,379,29,158.25,152,250,,,,,,,,,,,,,,,
4/23/20,Pets,Pets - Campaign 2,19394,355,24,121.9,135.63,250,,,,,,,,,,,,,,,
4/24/20,Pets,Pets - Campaign 2,20752,355,30,219.3,140.73,250,,,,,,,,,,,,,,,
5/8/20,Pets,Pets - Campaign 2,17232,357,26,215.73,145.01,250,,,,,,,,,,,,,,,
5/9/20,Pets,Pets - Campaign 2,19083,450,32,237.22,177.44,250,,,,,,,,,,,,,,,
4/15/20,Pets,Pets - Campaign 2,17869,366,25,163.68,148.48,250,,,,,,,,,,,,,,,
4/16/20,Pets,Pets - Campaign 2,15542,322,26,161.73,126.72,250,,,,,,,,,,,,,,,
4/29/20,Pets,Pets - Campaign 2,27123,434,32,203.57,163.33,250,,,,,,,,,,,,,,,
4/30/20,Pets,Pets - Campaign 2,24917,403,25,239.22,148.37,250,,,,,,,,,,,,,,,
5/1/20,Pets,Pets - Campaign 2,21529,427,29,181.09,161.58,250,,,,,,,,,,,,,,,
5/2/20,Pets,Pets - Campaign 2,25448,518,40,345.9,219.23,250,,,,,,,,,,,,,,,
4/17/20,Pets,Pets - Campaign 2,19194,345,22,150.64,130.33,250,,,,,,,,,,,,,,,
4/19/20,Pets,Pets - Campaign 2,23094,491,32,234.04,200.89,250,,,,,,,,,,,,,,,
4/26/20,Pets,Pets - Campaign 2,25489,488,32,215.2,198.37,250,,,,,,,,,,,,,,,
4/28/20,Pets,Pets - Campaign 2,31219,483,31,164.69,193.31,250,,,,,,,,,,,,,,,
5/3/20,Pets,Pets - Campaign 2,26602,549,38,214.91,235.33,250,,,,,,,,,,,,,,,
5/5/20,Pets,Pets - Campaign 2,27749,440,28,193.98,169.4,250,,,,,,,,,,,,,,,
5/7/20,Pets,Pets - Campaign 2,19625,357,28,211.96,144.59,250,,,,,,,,,,,,,,,
2/21/20,Pets,Pets - Campaign 2,5663,136,4,46.86,38.03,250,,,,,,,,,,,,,,,
2/28/20,Pets,Pets - Campaign 2,5601,143,7,46.49,45.66,250,,,,,,,,,,,,,,,
3/1/20,Pets,Pets - Campaign 2,8549,192,11,94.59,63.91,250,,,,,,,,,,,,,,,
3/6/20,Pets,Pets - Campaign 2,5307,143,7,30.14,44.04,250,,,,,,,,,,,,,,,
3/8/20,Pets,Pets - Campaign 2,6428,189,11,94.33,67.33,250,,,,,,,,,,,,,,,
3/15/20,Pets,Pets - Campaign 2,6511,204,15,98.71,76.82,250,,,,,,,,,,,,,,,
5/10/20,Pets,Pets - Campaign 2,21456,475,32,257.98,200.02,250,,,,,,,,,,,,,,,
5/11/20,Pets,Pets - Campaign 2,20296,404,23,148.45,160.87,250,,,,,,,,,,,,,,,
5/24/20,Pets,Pets - Campaign 2,14707,489,35,235.16,220.76,250,,,,,,,,,,,,,,,
5/25/20,Pets,Pets - Campaign 2,15753,464,35,236.64,225.65,250,,,,,,,,,,,,,,,
5/26/20,Pets,Pets - Campaign 2,19670,452,27,174.57,231.38,250,,,,,,,,,,,,,,,
5/27/20,Pets,Pets - Campaign 2,22050,476,31,187.71,218.25,250,,,,,,,,,,,,,,,
5/16/20,Pets,Pets - Campaign 2,14504,391,27,173.49,160.19,250,,,,,,,,,,,,,,,
5/17/20,Pets,Pets - Campaign 2,14785,430,34,229.33,187.85,250,,,,,,,,,,,,,,,
5/18/20,Pets,Pets - Campaign 2,21406,468,34,297.43,202.47,250,,,,,,,,,,,,,,,
5/19/20,Pets,Pets - Campaign 2,19112,397,25,156.94,168.54,250,,,,,,,,,,,,,,,
6/2/20,Pets,Pets - Campaign 2,27918,386,19,161.03,118.73,250,,,,,,,,,,,,,,,
6/3/20,Pets,Pets - Campaign 2,21790,357,14,116.43,99.4,250,,,,,,,,,,,,,,,
6/4/20,Pets,Pets - Campaign 2,23124,375,18,131.08,109.67,250,,,,,,,,,,,,,,,
6/5/20,Pets,Pets - Campaign 2,26989,425,21,181.62,127.74,250,,,,,,,,,,,,,,,
5/12/20,Pets,Pets - Campaign 2,20100,372,25,144.12,144.31,250,,,,,,,,,,,,,,,
5/14/20,Pets,Pets - Campaign 2,15761,339,25,138.98,129.56,250,,,,,,,,,,,,,,,
5/21/20,Pets,Pets - Campaign 2,16137,403,33,260.37,168.73,250,,,,,,,,,,,,,,,
5/23/20,Pets,Pets - Campaign 2,14525,438,41,286.11,187.02,250,,,,,,,,,,,,,,,
5/28/20,Pets,Pets - Campaign 2,18173,423,29,229.46,181.36,250,,,,,,,,,,,,,,,
5/30/20,Pets,Pets - Campaign 2,25057,340,18,141.22,95.35,250,,,,,,,,,,,,,,,
6/1/20,Pets,Pets - Campaign 2,23408,292,13,98.03,86.14,250,,,,,,,,,,,,,,,
6/10/20,Pets,Pets - Campaign 2,27028,415,18,103.88,125.57,250,,,,,,,,,,,,,,,
6/11/20,Pets,Pets - Campaign 2,23064,319,15,102.13,92.37,250,,,,,,,,,,,,,,,
6/12/20,Pets,Pets - Campaign 2,21774,301,13,127.19,85.13,250,,,,,,,,,,,,,,,
6/13/20,Pets,Pets - Campaign 2,22712,314,19,157.04,86.45,250,,,,,,,,,,,,,,,
6/27/20,Pets,Pets - Campaign 2,11303,319,20,216.99,104.88,250,,,,,,,,,,,,,,,
6/28/20,Pets,Pets - Campaign 2,14360,398,25,285.18,141.19,250,,,,,,,,,,,,,,,
6/29/20,Pets,Pets - Campaign 2,15301,308,25,191.15,109.98,250,,,,,,,,,,,,,,,
6/30/20,Pets,Pets - Campaign 2,13674,317,19,135.78,112.58,250,,,,,,,,,,,,,,,
3/17/20,Pets,Pets - Campaign 2,6970,188,11,95.07,66.37,250,,,,,,,,,,,,,,,
3/24/20,Pets,Pets - Campaign 2,14696,318,19,139.97,124.9,250,,,,,,,,,,,,,,,
3/26/20,Pets,Pets - Campaign 2,15050,333,20,129.49,123.56,250,,,,,,,,,,,,,,,
3/31/20,Pets,Pets - Campaign 2,21654,421,25,174.63,155.69,250,,,,,,,,,,,,,,,
4/2/20,Pets,Pets - Campaign 2,14211,339,20,184.13,113.61,250,,,,,,,,,,,,,,,
4/9/20,Pets,Pets - Campaign 2,15395,348,29,208.52,133.48,250,,,,,,,,,,,,,,,
4/11/20,Pets,Pets - Campaign 2,17586,432,30,245.01,165.33,250,,,,,,,,,,,,,,,
6/18/20,Pets,Pets - Campaign 2,10870,241,15,132.79,61.94,250,,,,,,,,,,,,,,,
6/19/20,Pets,Pets - Campaign 2,10022,226,13,101.61,58.81,250,,,,,,,,,,,,,,,
6/20/20,Pets,Pets - Campaign 2,9925,257,13,101.63,69.49,250,,,,,,,,,,,,,,,
6/21/20,Pets,Pets - Campaign 2,12570,327,14,94.6,88.92,250,,,,,,,,,,,,,,,
6/22/20,Pets,Pets - Campaign 2,15599,327,12,98.99,90.36,250,,,,,,,,,,,,,,,
6/6/20,Pets,Pets - Campaign 2,29267,472,24,164.76,141.84,250,,,,,,,,,,,,,,,
6/8/20,Pets,Pets - Campaign 2,21628,356,17,114.42,101.44,250,,,,,,,,,,,,,,,
6/15/20,Pets,Pets - Campaign 2,16502,263,11,79.27,67.3,250,,,,,,,,,,,,,,,
6/17/20,Pets,Pets - Campaign 2,16892,284,12,97.86,78.07,250,,,,,,,,,,,,,,,
6/24/20,Pets,Pets - Campaign 2,11132,318,17,179.54,105.75,250,,,,,,,,,,,,,,,
6/26/20,Pets,Pets - Campaign 2,9786,262,21,164.6,85.2,250,,,,,,,,,,,,,,,
7/1/20,Pets,Pets - Campaign 2,14869,312,23,178.53,116.59,250,,,,,,,,,,,,,,,
7/13/20,Pets,Pets - Campaign 2,17139,321,23,218.72,117.36,250,,,,,,,,,,,,,,,
7/14/20,Pets,Pets - Campaign 2,15624,302,20,152.2,106.21,250,,,,,,,,,,,,,,,
7/15/20,Pets,Pets - Campaign 2,16582,315,15,130.83,118.49,250,,,,,,,,,,,,,,,
7/16/20,Pets,Pets - Campaign 2,15822,287,20,171.37,105.02,250,,,,,,,,,,,,,,,
7/17/20,Pets,Pets - Campaign 2,15002,291,21,152.5,105.47,250,,,,,,,,,,,,,,,
7/3/20,Pets,Pets - Campaign 2,14816,318,25,188.47,124.93,250,,,,,,,,,,,,,,,
7/10/20,Pets,Pets - Campaign 2,12704,277,16,117.66,106.95,250,,,,,,,,,,,,,,,
7/12/20,Pets,Pets - Campaign 2,17615,387,30,282.01,143.17,250,,,,,,,,,,,,,,,
7/19/20,Pets,Pets - Campaign 2,16107,390,26,236.14,141.55,250,,,,,,,,,,,,,,,
7/21/20,Pets,Pets - Campaign 2,14547,327,20,125.43,104.28,250,,,,,,,,,,,,,,,
7/26/20,Pets,Pets - Campaign 2,18081,448,31,296.34,154.98,250,,,,,,,,,,,,,,,
7/30/20,Pets,Pets - Campaign 2,13492,319,21,201.32,106.84,250,,,,,,,,,,,,,,,
7/31/20,Pets,Pets - Campaign 2,12971,328,20,210.12,104.44,250,,,,,,,,,,,,,,,
8/1/20,Pets,Pets - Campaign 2,15760,364,31,269.91,126.28,250,,,,,,,,,,,,,,,
8/2/20,Pets,Pets - Campaign 2,14239,409,34,302.54,142.11,250,,,,,,,,,,,,,,,
8/16/20,Pets,Pets - Campaign 2,10771,319,19,256.23,104.89,250,,,,,,,,,,,,,,,
8/17/20,Pets,Pets - Campaign 2,12625,302,19,168.53,100.45,250,,,,,,,,,,,,,,,
8/18/20,Pets,Pets - Campaign 2,10436,307,16,118.77,90.69,250,,,,,,,,,,,,,,,
8/19/20,Pets,Pets - Campaign 2,9824,283,16,212.26,79.69,250,,,,,,,,,,,,,,,
7/5/20,Pets,Pets - Campaign 2,18038,370,26,148.09,145.92,250,,,,,,,,,,,,,,,
7/6/20,Pets,Pets - Campaign 2,16068,319,20,208.77,112.83,250,,,,,,,,,,,,,,,
7/7/20,Pets,Pets - Campaign 2,19213,360,24,192.04,135.56,250,,,,,,,,,,,,,,,
7/8/20,Pets,Pets - Campaign 2,20979,394,25,238.39,158.93,250,,,,,,,,,,,,,,,
7/22/20,Pets,Pets - Campaign 2,15981,342,19,156.41,113.4,250,,,,,,,,,,,,,,,
7/23/20,Pets,Pets - Campaign 2,14057,330,18,168.39,106.27,250,,,,,,,,,,,,,,,
7/24/20,Pets,Pets - Campaign 2,12243,313,20,187.66,97.71,250,,,,,,,,,,,,,,,
7/25/20,Pets,Pets - Campaign 2,17039,373,23,246.61,134.73,250,,,,,,,,,,,,,,,
4/18/20,Pets,Pets - Campaign 2,20230,416,30,224.56,164.67,250,,,,,,,,,,,,,,,
4/20/20,Pets,Pets - Campaign 2,23459,416,25,228.55,169.77,250,,,,,,,,,,,,,,,
4/25/20,Pets,Pets - Campaign 2,22416,429,36,314.67,169.99,250,,,,,,,,,,,,,,,
4/27/20,Pets,Pets - Campaign 2,27074,436,27,206.73,180.23,250,,,,,,,,,,,,,,,
5/4/20,Pets,Pets - Campaign 2,28592,440,25,190.24,166.54,250,,,,,,,,,,,,,,,
5/6/20,Pets,Pets - Campaign 2,24452,411,27,208.64,160.48,250,,,,,,,,,,,,,,,
7/28/20,Pets,Pets - Campaign 2,16389,377,15,152.98,124.6,250,,,,,,,,,,,,,,,
8/4/20,Pets,Pets - Campaign 2,10004,265,20,154.57,100.74,250,,,,,,,,,,,,,,,
8/6/20,Pets,Pets - Campaign 2,8788,239,13,98.68,83.4,250,,,,,,,,,,,,,,,
8/13/20,Pets,Pets - Campaign 2,8247,236,19,124.18,73.13,250,,,,,,,,,,,,,,,
8/15/20,Pets,Pets - Campaign 2,9027,267,16,134.18,90.37,250,,,,,,,,,,,,,,,
8/20/20,Pets,Pets - Campaign 2,9914,232,15,165.52,62.84,250,,,,,,,,,,,,,,,
8/22/20,Pets,Pets - Campaign 2,11917,345,20,165.93,105.69,250,,,,,,,,,,,,,,,
9/2/20,Pets,Pets - Campaign 2,10087,276,21,163.85,92.58,250,,,,,,,,,,,,,,,
9/3/20,Pets,Pets - Campaign 2,10036,230,16,139.03,74.19,250,,,,,,,,,,,,,,,
9/4/20,Pets,Pets - Campaign 2,9834,261,15,124.73,87.27,250,,,,,,,,,,,,,,,
9/5/20,Pets,Pets - Campaign 2,10797,303,23,181.33,112.57,250,,,,,,,,,,,,,,,
8/8/20,Pets,Pets - Campaign 2,10390,302,19,135.93,104.53,250,,,,,,,,,,,,,,,
8/9/20,Pets,Pets - Campaign 2,11845,402,24,154.26,144.93,250,,,,,,,,,,,,,,,
8/10/20,Pets,Pets - Campaign 2,11466,339,20,187.21,118.64,250,,,,,,,,,,,,,,,
8/11/20,Pets,Pets - Campaign 2,10180,341,20,192.64,111.43,250,,,,,,,,,,,,,,,
8/24/20,Pets,Pets - Campaign 2,11638,284,17,137.1,86.98,250,,,,,,,,,,,,,,,
8/29/20,Pets,Pets - Campaign 2,12627,316,27,239.86,110.64,250,,,,,,,,,,,,,,,
8/31/20,Pets,Pets - Campaign 2,12992,311,17,134.91,101.76,250,,,,,,,,,,,,,,,
9/7/20,Pets,Pets - Campaign 2,12625,297,22,131.19,116.26,250,,,,,,,,,,,,,,,
9/9/20,Pets,Pets - Campaign 2,11441,227,18,174.33,93.48,250,,,,,,,,,,,,,,,
9/14/20,Pets,Pets - Campaign 2,10935,239,15,88.69,108.33,250,,,,,,,,,,,,,,,
9/16/20,Pets,Pets - Campaign 2,9610,195,9,37.68,80.9,250,,,,,,,,,,,,,,,
9/18/20,Pets,Pets - Campaign 2,8344,186,15,101.21,85.28,250,,,,,,,,,,,,,,,
9/19/20,Pets,Pets - Campaign 2,8305,205,25,211.41,87.14,250,,,,,,,,,,,,,,,
9/20/20,Pets,Pets - Campaign 2,9150,238,26,201.37,109.78,250,,,,,,,,,,,,,,,
9/21/20,Pets,Pets - Campaign 2,8668,191,15,275,90.88,250,,,,,,,,,,,,,,,
10/5/20,Pets,Pets - Campaign 2,10439,228,22,212.76,104.04,250,,,,,,,,,,,,,,,
10/6/20,Pets,Pets - Campaign 2,10119,221,17,119.31,87.25,250,,,,,,,,,,,,,,,
10/7/20,Pets,Pets - Campaign 2,8820,200,15,138.45,74.71,250,,,,,,,,,,,,,,,
10/8/20,Pets,Pets - Campaign 2,7915,196,19,226,69.21,250,,,,,,,,,,,,,,,
5/13/20,Pets,Pets - Campaign 2,18729,354,24,166.54,137.91,250,,,,,,,,,,,,,,,
5/15/20,Pets,Pets - Campaign 2,21172,479,29,201.93,164.36,250,,,,,,,,,,,,,,,
5/20/20,Pets,Pets - Campaign 2,18232,417,26,178.56,183.13,250,,,,,,,,,,,,,,,
5/22/20,Pets,Pets - Campaign 2,15036,412,31,256.34,164.52,250,,,,,,,,,,,,,,,
5/29/20,Pets,Pets - Campaign 2,17489,274,16,111.67,79.94,250,,,,,,,,,,,,,,,
5/31/20,Pets,Pets - Campaign 2,32959,426,26,208.26,122.55,250,,,,,,,,,,,,,,,
10/22/20,Pets,Pets - Campaign 2,9002,207,16,135.85,71.4,250,,,,,,,,,,,,,,,
10/23/20,Pets,Pets - Campaign 2,7622,193,13,67.41,57.12,250,,,,,,,,,,,,,,,
10/24/20,Pets,Pets - Campaign 2,8137,209,12,117.57,60.11,250,,,,,,,,,,,,,,,
10/25/20,Pets,Pets - Campaign 2,8851,265,15,125.11,78.83,250,,,,,,,,,,,,,,,
11/7/20,Pets,Pets - Campaign 2,7446,192,13,147.08,57.38,250,,,,,,,,,,,,,,,
11/8/20,Pets,Pets - Campaign 2,9951,249,19,279.64,78.99,250,,,,,,,,,,,,,,,
8/25/20,Pets,Pets - Campaign 2,10263,240,13,147.61,70.05,250,,,,,,,,,,,,,,,
8/26/20,Pets,Pets - Campaign 2,11671,184,16,106.06,66.42,250,,,,,,,,,,,,,,,
8/27/20,Pets,Pets - Campaign 2,11124,254,17,165.8,86.7,250,,,,,,,,,,,,,,,
9/10/20,Pets,Pets - Campaign 2,12147,240,20,158.81,108.09,250,,,,,,,,,,,,,,,
9/11/20,Pets,Pets - Campaign 2,9840,196,14,147.38,79.64,250,,,,,,,,,,,,,,,
9/12/20,Pets,Pets - Campaign 2,10702,258,20,151.55,88.5,250,,,,,,,,,,,,,,,
9/13/20,Pets,Pets - Campaign 2,10182,288,19,276.78,113.25,250,,,,,,,,,,,,,,,
6/7/20,Pets,Pets - Campaign 2,26101,446,25,177.26,123.71,250,,,,,,,,,,,,,,,
6/9/20,Pets,Pets - Campaign 2,25897,451,19,138.65,142.92,250,,,,,,,,,,,,,,,
6/14/20,Pets,Pets - Campaign 2,20178,323,17,131.73,86.88,250,,,,,,,,,,,,,,,
6/16/20,Pets,Pets - Campaign 2,18289,338,14,107.42,96.09,250,,,,,,,,,,,,,,,
6/23/20,Pets,Pets - Campaign 2,14602,366,20,137.05,115.29,250,,,,,,,,,,,,,,,
6/25/20,Pets,Pets - Campaign 2,12156,366,24,159.91,133.3,250,,,,,,,,,,,,,,,
11/9/20,Pets,Pets - Campaign 2,9734,217,9,126.57,62.54,250,,,,,,,,,,,,,,,
11/10/20,Pets,Pets - Campaign 2,8032,173,6,0,46.38,250,,,,,,,,,,,,,,,
11/11/20,Pets,Pets - Campaign 2,9414,180,14,136.2,50.35,250,,,,,,,,,,,,,,,
11/24/20,Pets,Pets - Campaign 2,8863,183,8,89.78,47.35,250,,,,,,,,,,,,,,,
11/25/20,Pets,Pets - Campaign 2,7523,192,10,88.67,46.71,250,,,,,,,,,,,,,,,
11/26/20,Pets,Pets - Campaign 2,6908,189,6,53.76,43.64,250,,,,,,,,,,,,,,,
11/27/20,Pets,Pets - Campaign 2,7271,207,18,159.26,50.76,250,,,,,,,,,,,,,,,
9/27/20,Pets,Pets - Campaign 2,13470,314,33,218.45,138.44,250,,,,,,,,,,,,,,,
9/28/20,Pets,Pets - Campaign 2,12071,220,16,49.1,95.1,250,,,,,,,,,,,,,,,
9/29/20,Pets,Pets - Campaign 2,9484,205,17,146.12,90.97,250,,,,,,,,,,,,,,,
9/30/20,Pets,Pets - Campaign 2,8867,212,21,233,93.05,250,,,,,,,,,,,,,,,
10/13/20,Pets,Pets - Campaign 2,10439,232,9,60.5,85.83,250,,,,,,,,,,,,,,,
10/14/20,Pets,Pets - Campaign 2,8501,191,21,157.27,77.88,250,,,,,,,,,,,,,,,
10/15/20,Pets,Pets - Campaign 2,7865,184,13,103.36,61.36,250,,,,,,,,,,,,,,,
12/11/20,Pets,Pets - Campaign 2,11596,213,10,79.78,53.61,250,,,,,,,,,,,,,,,
12/12/20,Pets,Pets - Campaign 2,14322,265,13,139.01,67.57,250,,,,,,,,,,,,,,,
12/13/20,Pets,Pets - Campaign 2,14257,234,13,149.82,57.04,250,,,,,,,,,,,,,,,
12/14/20,Pets,Pets - Campaign 2,11272,172,7,59.45,39.61,250,,,,,,,,,,,,,,,
12/28/20,Pets,Pets - Campaign 2,11196,178,9,96.29,43.44,250,,,,,,,,,,,,,,,
12/29/20,Pets,Pets - Campaign 2,11730,186,6,70.16,45.32,250,,,,,,,,,,,,,,,
12/30/20,Pets,Pets - Campaign 2,11488,185,9,73.03,46.88,250,,,,,,,,,,,,,,,
7/2/20,Pets,Pets - Campaign 2,14219,309,20,199.1,115.83,250,,,,,,,,,,,,,,,
7/4/20,Pets,Pets - Campaign 2,16090,382,22,193.25,151.34,250,,,,,,,,,,,,,,,
7/9/20,Pets,Pets - Campaign 2,16454,354,24,222.2,135.74,250,,,,,,,,,,,,,,,
7/11/20,Pets,Pets - Campaign 2,13921,327,26,227.78,121.34,250,,,,,,,,,,,,,,,
7/18/20,Pets,Pets - Campaign 2,14719,327,24,156.36,115.35,250,,,,,,,,,,,,,,,
7/20/20,Pets,Pets - Campaign 2,16701,317,17,165.76,103.59,250,,,,,,,,,,,,,,,
7/27/20,Pets,Pets - Campaign 2,18316,358,25,185.47,118.18,250,,,,,,,,,,,,,,,
12/31/20,Pets,Pets - Campaign 2,10236,166,7,92.85,38.33,250,,,,,,,,,,,,,,,
10/16/20,Pets,Pets - Campaign 2,8535,195,19,154.75,67.93,250,,,,,,,,,,,,,,,
10/17/20,Pets,Pets - Campaign 2,10439,269,15,60.87,94.06,250,,,,,,,,,,,,,,,
10/30/20,Pets,Pets - Campaign 2,8297,158,6,85.28,45.16,250,,,,,,,,,,,,,,,
10/31/20,Pets,Pets - Campaign 2,7384,150,8,113.39,46.36,250,,,,,,,,,,,,,,,
11/1/20,Pets,Pets - Campaign 2,7743,200,14,241.11,64.2,250,,,,,,,,,,,,,,,
11/2/20,Pets,Pets - Campaign 2,7817,143,13,130.04,39.2,250,,,,,,,,,,,,,,,
7/29/20,Pets,Pets - Campaign 2,15140,331,18,143.1,114.5,250,,,,,,,,,,,,,,,
8/3/20,Pets,Pets - Campaign 2,11675,300,18,131.06,102.78,250,,,,,,,,,,,,,,,
8/5/20,Pets,Pets - Campaign 2,10988,300,14,53.32,108.57,250,,,,,,,,,,,,,,,
8/7/20,Pets,Pets - Campaign 2,7547,236,16,137.75,81.4,250,,,,,,,,,,,,,,,
8/12/20,Pets,Pets - Campaign 2,8876,249,13,133.98,88.78,250,,,,,,,,,,,,,,,
8/14/20,Pets,Pets - Campaign 2,8464,255,20,151.51,78.72,250,,,,,,,,,,,,,,,
8/21/20,Pets,Pets - Campaign 2,10229,246,14,120.77,71.89,250,,,,,,,,,,,,,,,
11/16/20,Pets,Pets - Campaign 2,6620,149,6,70.09,36.77,250,,,,,,,,,,,,,,,
11/17/20,Pets,Pets - Campaign 2,5923,131,6,54.07,39.04,250,,,,,,,,,,,,,,,
11/18/20,Pets,Pets - Campaign 2,7270,166,8,36.97,46.38,250,,,,,,,,,,,,,,,
11/19/20,Pets,Pets - Campaign 2,6805,192,14,143.58,46.07,250,,,,,,,,,,,,,,,
12/3/20,Pets,Pets - Campaign 2,6633,188,13,36.6,53.99,250,,,,,,,,,,,,,,,
12/4/20,Pets,Pets - Campaign 2,7507,182,5,115.58,42.9,250,,,,,,,,,,,,,,,
12/5/20,Pets,Pets - Campaign 2,9431,195,15,86.97,52.4,250,,,,,,,,,,,,,,,
8/23/20,Pets,Pets - Campaign 2,11659,343,27,255.37,101.05,250,,,,,,,,,,,,,,,
8/28/20,Pets,Pets - Campaign 2,9841,224,17,134.81,72.41,250,,,,,,,,,,,,,,,
8/30/20,Pets,Pets - Campaign 2,14077,414,30,295.39,146.15,250,,,,,,,,,,,,,,,
9/1/20,Pets,Pets - Campaign 2,10884,249,12,157.71,82.04,250,,,,,,,,,,,,,,,
9/6/20,Pets,Pets - Campaign 2,11600,335,31,374.25,139.17,250,,,,,,,,,,,,,,,
9/8/20,Pets,Pets - Campaign 2,12948,270,14,150.8,109.93,250,,,,,,,,,,,,,,,
9/15/20,Pets,Pets - Campaign 2,10018,192,24,204.7,91.59,250,,,,,,,,,,,,,,,
12/6/20,Pets,Pets - Campaign 2,17343,284,15,213.21,73.57,250,,,,,,,,,,,,,,,
12/19/20,Pets,Pets - Campaign 2,12679,216,9,112.62,52.41,250,,,,,,,,,,,,,,,
12/20/20,Pets,Pets - Campaign 2,16253,248,12,118.79,64.06,250,,,,,,,,,,,,,,,
12/21/20,Pets,Pets - Campaign 2,15357,217,10,108.93,57.57,250,,,,,,,,,,,,,,,
12/22/20,Pets,Pets - Campaign 2,15727,243,11,134.64,64.85,250,,,,,,,,,,,,,,,
9/17/20,Pets,Pets - Campaign 2,9357,177,17,182.19,90.41,250,,,,,,,,,,,,,,,
9/22/20,Pets,Pets - Campaign 2,8269,165,13,166.71,71.08,250,,,,,,,,,,,,,,,
9/24/20,Pets,Pets - Campaign 2,11828,189,19,182.33,100.69,250,,,,,,,,,,,,,,,
9/26/20,Pets,Pets - Campaign 2,12622,271,23,200.07,122.71,250,,,,,,,,,,,,,,,
10/1/20,Pets,Pets - Campaign 2,8575,206,22,149.43,81.73,250,,,,,,,,,,,,,,,
10/3/20,Pets,Pets - Campaign 2,9461,266,22,184.47,118.84,250,,,,,,,,,,,,,,,
10/10/20,Pets,Pets - Campaign 2,10167,276,17,199.89,98.38,250,,,,,,,,,,,,,,,
10/12/20,Pets,Pets - Campaign 2,12240,273,18,178.69,93.07,250,,,,,,,,,,,,,,,
10/19/20,Pets,Pets - Campaign 2,13094,237,18,179.58,83.9,250,,,,,,,,,,,,,,,
10/21/20,Pets,Pets - Campaign 2,11001,236,18,84.63,84.72,250,,,,,,,,,,,,,,,
10/26/20,Pets,Pets - Campaign 2,9013,201,9,81.77,60.02,250,,,,,,,,,,,,,,,
10/28/20,Pets,Pets - Campaign 2,7974,178,6,13.54,53.51,250,,,,,,,,,,,,,,,
11/4/20,Pets,Pets - Campaign 2,6466,117,10,100.98,32.39,250,,,,,,,,,,,,,,,
11/6/20,Pets,Pets - Campaign 2,6937,159,17,118.64,45.88,250,,,,,,,,,,,,,,,
11/13/20,Pets,Pets - Campaign 2,7495,180,13,76.31,54.01,250,,,,,,,,,,,,,,,
11/15/20,Pets,Pets - Campaign 2,7588,209,13,60.66,65.48,250,,,,,,,,,,,,,,,
11/20/20,Pets,Pets - Campaign 2,6720,172,9,75.93,44.64,250,,,,,,,,,,,,,,,
11/22/20,Pets,Pets - Campaign 2,8890,251,16,108.67,68.02,250,,,,,,,,,,,,,,,
11/29/20,Pets,Pets - Campaign 2,12209,288,17,206.74,80.15,250,,,,,,,,,,,,,,,
12/1/20,Pets,Pets - Campaign 2,9339,189,5,146.83,52.1,250,,,,,,,,,,,,,,,
12/8/20,Pets,Pets - Campaign 2,11965,178,7,76.18,48.16,250,,,,,,,,,,,,,,,
12/10/20,Pets,Pets - Campaign 2,11126,198,7,60.89,51.75,250,,,,,,,,,,,,,,,
12/15/20,Pets,Pets - Campaign 2,9291,156,6,61.83,36.35,250,,,,,,,,,,,,,,,
12/17/20,Pets,Pets - Campaign 2,10364,169,8,83.97,39.78,250,,,,,,,,,,,,,,,
12/24/20,Pets,Pets - Campaign 2,10333,225,16,173.1,62.84,250,,,,,,,,,,,,,,,
12/26/20,Pets,Pets - Campaign 2,10920,232,8,93.44,53.54,250,,,,,,,,,,,,,,,
9/23/20,Pets,Pets - Campaign 2,9416,184,10,45.2,78.5,250,,,,,,,,,,,,,,,
9/25/20,Pets,Pets - Campaign 2,11816,236,25,223.91,110.45,250,,,,,,,,,,,,,,,
10/2/20,Pets,Pets - Campaign 2,7456,226,24,113.31,86.83,250,,,,,,,,,,,,,,,
10/4/20,Pets,Pets - Campaign 2,10438,287,28,295.1,115.6,250,,,,,,,,,,,,,,,
10/9/20,Pets,Pets - Campaign 2,7499,201,15,104.96,63.48,250,,,,,,,,,,,,,,,
10/11/20,Pets,Pets - Campaign 2,11759,344,24,237.02,125.65,250,,,,,,,,,,,,,,,
10/18/20,Pets,Pets - Campaign 2,13684,298,25,361,112.58,250,,,,,,,,,,,,,,,
10/20/20,Pets,Pets - Campaign 2,12244,230,13,71,85.23,250,,,,,,,,,,,,,,,
10/27/20,Pets,Pets - Campaign 2,7027,132,11,87.36,37.28,250,,,,,,,,,,,,,,,
10/29/20,Pets,Pets - Campaign 2,10146,175,7,52.21,51.3,250,,,,,,,,,,,,,,,
11/3/20,Pets,Pets - Campaign 2,6065,117,8,0,33.88,250,,,,,,,,,,,,,,,
11/5/20,Pets,Pets - Campaign 2,7270,173,8,99.6,46.64,250,,,,,,,,,,,,,,,
11/12/20,Pets,Pets - Campaign 2,8179,177,16,143.76,55.47,250,,,,,,,,,,,,,,,
11/14/20,Pets,Pets - Campaign 2,8071,219,10,98.57,64.66,250,,,,,,,,,,,,,,,
11/21/20,Pets,Pets - Campaign 2,8495,258,16,177.12,65.63,250,,,,,,,,,,,,,,,
11/23/20,Pets,Pets - Campaign 2,8930,181,8,40.23,46.13,250,,,,,,,,,,,,,,,
11/28/20,Pets,Pets - Campaign 2,8580,221,12,150.38,50.44,250,,,,,,,,,,,,,,,
11/30/20,Pets,Pets - Campaign 2,11192,223,11,135.87,61.28,250,,,,,,,,,,,,,,,
12/2/20,Pets,Pets - Campaign 2,8950,224,5,0,63.77,250,,,,,,,,,,,,,,,
12/7/20,Pets,Pets - Campaign 2,15348,249,9,115.86,68.65,250,,,,,,,,,,,,,,,
12/9/20,Pets,Pets - Campaign 2,11500,188,8,58.55,50.5,250,,,,,,,,,,,,,,,
12/16/20,Pets,Pets - Campaign 2,11896,195,5,36.69,44.39,250,,,,,,,,,,,,,,,
12/18/20,Pets,Pets - Campaign 2,10098,179,9,104.32,42.55,250,,,,,,,,,,,,,,,
12/23/20,Pets,Pets - Campaign 2,12350,218,10,52.91,59.07,250,,,,,,,,,,,,,,,
12/25/20,Pets,Pets - Campaign 2,6023,162,5,50.78,38.42,250,,,,,,,,,,,,,,,
12/27/20,Pets,Pets - Campaign 2,12293,229,13,137.68,56.68,250,,,,,,,,,,,,,,,
1/2/20,Pets,Pets - Campaign 1,25508,222,6,94.04,47.92,300,,,,,,,,,,,,,,,
1/3/20,Pets,Pets - Campaign 1,24142,199,9,72.59,44.78,300,,,,,,,,,,,,,,,
1/4/20,Pets,Pets - Campaign 1,24757,242,7,78.87,65.86,300,,,,,,,,,,,,,,,
1/5/20,Pets,Pets - Campaign 1,22409,226,11,49.23,62.79,300,,,,,,,,,,,,,,,
1/18/20,Pets,Pets - Campaign 1,34624,331,11,123.43,105.58,300,,,,,,,,,,,,,,,
1/19/20,Pets,Pets - Campaign 1,28178,269,12,79.03,73.8,300,,,,,,,,,,,,,,,
1/20/20,Pets,Pets - Campaign 1,23242,241,8,50.06,64.14,300,,,,,,,,,,,,,,,
1/21/20,Pets,Pets - Campaign 1,21049,243,10,84.85,67.33,300,,,,,,,,,,,,,,,
1/10/20,Pets,Pets - Campaign 1,25697,204,5,52.98,41,300,,,,,,,,,,,,,,,
1/11/20,Pets,Pets - Campaign 1,28354,253,8,53.11,56.93,300,,,,,,,,,,,,,,,
1/12/20,Pets,Pets - Campaign 1,34557,313,12,122.38,70.87,300,,,,,,,,,,,,,,,
1/13/20,Pets,Pets - Campaign 1,33606,255,9,53.28,59.33,300,,,,,,,,,,,,,,,
1/27/20,Pets,Pets - Campaign 1,22342,236,6,67.24,58.63,300,,,,,,,,,,,,,,,
1/7/20,Pets,Pets - Campaign 1,25460,215,5,17.16,46.17,300,,,,,,,,,,,,,,,
1/9/20,Pets,Pets - Campaign 1,25138,203,5,52.43,47.35,300,,,,,,,,,,,,,,,
1/14/20,Pets,Pets - Campaign 1,27052,229,4,26.75,54.54,300,,,,,,,,,,,,,,,
1/16/20,Pets,Pets - Campaign 1,27657,219,7,34.9,50.7,300,,,,,,,,,,,,,,,
1/23/20,Pets,Pets - Campaign 1,28328,278,6,104,79.42,300,,,,,,,,,,,,,,,
1/25/20,Pets,Pets - Campaign 1,24025,297,10,105.57,81.34,300,,,,,,,,,,,,,,,
1/1/20,Pets,Pets - Campaign 1,29896,253,9,84.72,68.91,300,,,,,,,,,,,,,,,
1/6/20,Pets,Pets - Campaign 1,24381,205,8,102.19,46.53,300,,,,,,,,,,,,,,,
1/8/20,Pets,Pets - Campaign 1,23644,210,6,48.33,52.99,300,,,,,,,,,,,,,,,
1/15/20,Pets,Pets - Campaign 1,25862,212,5,60.28,49.23,300,,,,,,,,,,,,,,,
1/17/20,Pets,Pets - Campaign 1,25606,188,8,49.12,43.84,300,,,,,,,,,,,,,,,
1/22/20,Pets,Pets - Campaign 1,23736,249,8,92.1,66.77,300,,,,,,,,,,,,,,,
1/24/20,Pets,Pets - Campaign 1,25174,257,8,40.4,70.54,300,,,,,,,,,,,,,,,
2/4/20,Pets,Pets - Campaign 1,24392,238,8,81.69,62.1,300,,,,,,,,,,,,,,,
2/5/20,Pets,Pets - Campaign 1,24345,226,8,84.34,55.69,300,,,,,,,,,,,,,,,
2/6/20,Pets,Pets - Campaign 1,22970,216,6,48.96,49.34,300,,,,,,,,,,,,,,,
2/7/20,Pets,Pets - Campaign 1,24723,219,10,89.82,50.47,300,,,,,,,,,,,,,,,
2/21/20,Pets,Pets - Campaign 1,21715,184,8,56.14,45.97,300,,,,,,,,,,,,,,,
1/28/20,Pets,Pets - Campaign 1,20992,268,5,28.11,74.84,300,,,,,,,,,,,,,,,
1/29/20,Pets,Pets - Campaign 1,20628,241,8,81.43,68.41,300,,,,,,,,,,,,,,,
1/30/20,Pets,Pets - Campaign 1,25579,240,8,95.19,63.56,300,,,,,,,,,,,,,,,
2/12/20,Pets,Pets - Campaign 1,24092,258,7,57.92,67.87,300,,,,,,,,,,,,,,,
2/13/20,Pets,Pets - Campaign 1,25638,272,8,84.24,75.8,300,,,,,,,,,,,,,,,
2/14/20,Pets,Pets - Campaign 1,24059,222,7,62.61,57.66,300,,,,,,,,,,,,,,,
2/15/20,Pets,Pets - Campaign 1,28573,306,13,114.79,89.44,300,,,,,,,,,,,,,,,
2/1/20,Pets,Pets - Campaign 1,25677,272,8,92.2,72.08,300,,,,,,,,,,,,,,,
2/3/20,Pets,Pets - Campaign 1,25028,244,8,55.79,65.82,300,,,,,,,,,,,,,,,
2/8/20,Pets,Pets - Campaign 1,32482,307,12,84.16,83.64,300,,,,,,,,,,,,,,,
2/10/20,Pets,Pets - Campaign 1,28549,277,12,113.11,72.3,300,,,,,,,,,,,,,,,
2/17/20,Pets,Pets - Campaign 1,29689,276,8,75.39,72.58,300,,,,,,,,,,,,,,,
2/19/20,Pets,Pets - Campaign 1,18964,183,8,84.58,48.75,300,,,,,,,,,,,,,,,
2/22/20,Pets,Pets - Campaign 1,25859,227,10,74.53,60.79,300,,,,,,,,,,,,,,,
2/23/20,Pets,Pets - Campaign 1,25344,246,10,89.04,63.9,300,,,,,,,,,,,,,,,
2/24/20,Pets,Pets - Campaign 1,24187,208,7,68.17,54.3,300,,,,,,,,,,,,,,,
3/8/20,Pets,Pets - Campaign 1,22796,186,8,51.67,38.67,300,,,,,,,,,,,,,,,
3/9/20,Pets,Pets - Campaign 1,21885,173,6,49.88,34.87,300,,,,,,,,,,,,,,,
3/10/20,Pets,Pets - Campaign 1,19011,178,7,51.74,38.65,300,,,,,,,,,,,,,,,
3/11/20,Pets,Pets - Campaign 1,20218,174,6,69.47,43.91,300,,,,,,,,,,,,,,,
3/12/20,Pets,Pets - Campaign 1,18739,151,5,30.21,29.33,300,,,,,,,,,,,,,,,
2/29/20,Pets,Pets - Campaign 1,27739,201,9,33,48,300,,,,,,,,,,,,,,,
3/1/20,Pets,Pets - Campaign 1,31766,246,9,69.41,61.09,300,,,,,,,,,,,,,,,
3/2/20,Pets,Pets - Campaign 1,26809,203,8,41.66,50.31,300,,,,,,,,,,,,,,,
3/3/20,Pets,Pets - Campaign 1,24125,193,7,56.22,46.3,300,,,,,,,,,,,,,,,
3/17/20,Pets,Pets - Campaign 1,24195,151,5,17.93,33.63,300,,,,,,,,,,,,,,,
3/18/20,Pets,Pets - Campaign 1,24831,153,5,45.01,32.24,300,,,,,,,,,,,,,,,
3/19/20,Pets,Pets - Campaign 1,26881,198,5,39.69,40.65,300,,,,,,,,,,,,,,,
1/26/20,Pets,Pets - Campaign 1,21020,275,11,76.33,77.7,300,,,,,,,,,,,,,,,
1/31/20,Pets,Pets - Campaign 1,22621,233,8,63.81,63.22,300,,,,,,,,,,,,,,,
2/2/20,Pets,Pets - Campaign 1,25454,295,12,86.4,86,300,,,,,,,,,,,,,,,
2/9/20,Pets,Pets - Campaign 1,32678,324,12,80.73,89.41,300,,,,,,,,,,,,,,,
2/11/20,Pets,Pets - Campaign 1,23482,259,5,48.79,66.31,300,,,,,,,,,,,,,,,
2/16/20,Pets,Pets - Campaign 1,30377,314,11,135.81,95.44,300,,,,,,,,,,,,,,,
2/18/20,Pets,Pets - Campaign 1,22124,208,6,59.18,53.65,300,,,,,,,,,,,,,,,
2/26/20,Pets,Pets - Campaign 1,20173,178,7,35.35,43.54,300,,,,,,,,,,,,,,,
2/28/20,Pets,Pets - Campaign 1,21695,167,7,49.51,37.34,300,,,,,,,,,,,,,,,
3/4/20,Pets,Pets - Campaign 1,19730,159,4,6.83,35.3,300,,,,,,,,,,,,,,,
3/6/20,Pets,Pets - Campaign 1,21034,155,4,60.86,29.96,300,,,,,,,,,,,,,,,
3/13/20,Pets,Pets - Campaign 1,18953,147,4,54.87,29.9,300,,,,,,,,,,,,,,,
3/15/20,Pets,Pets - Campaign 1,20532,194,6,46.29,42.18,300,,,,,,,,,,,,,,,
3/25/20,Pets,Pets - Campaign 1,31093,178,7,35.64,39.46,300,,,,,,,,,,,,,,,
3/26/20,Pets,Pets - Campaign 1,32069,190,9,91.51,43.44,300,,,,,,,,,,,,,,,
3/27/20,Pets,Pets - Campaign 1,36325,167,10,117.64,36.78,300,,,,,,,,,,,,,,,
3/28/20,Pets,Pets - Campaign 1,50515,262,17,148.61,71.69,300,,,,,,,,,,,,,,,
4/11/20,Pets,Pets - Campaign 1,41597,298,17,138.99,76.67,300,,,,,,,,,,,,,,,
4/12/20,Pets,Pets - Campaign 1,55376,401,21,132.33,114.96,300,,,,,,,,,,,,,,,
3/20/20,Pets,Pets - Campaign 1,24545,186,6,60.47,34.53,300,,,,,,,,,,,,,,,
4/2/20,Pets,Pets - Campaign 1,30952,198,9,32.87,36.39,300,,,,,,,,,,,,,,,
4/3/20,Pets,Pets - Campaign 1,32641,190,11,104.67,37.65,300,,,,,,,,,,,,,,,
4/4/20,Pets,Pets - Campaign 1,47795,314,13,134.16,84.78,300,,,,,,,,,,,,,,,
4/5/20,Pets,Pets - Campaign 1,46149,322,16,205.2,83.69,300,,,,,,,,,,,,,,,
4/6/20,Pets,Pets - Campaign 1,52353,311,12,92.22,86.03,300,,,,,,,,,,,,,,,
3/22/20,Pets,Pets - Campaign 1,30870,194,8,71.83,43.47,300,,,,,,,,,,,,,,,
3/24/20,Pets,Pets - Campaign 1,35541,188,7,55.03,40.1,300,,,,,,,,,,,,,,,
3/29/20,Pets,Pets - Campaign 1,53470,268,13,98.85,60.16,300,,,,,,,,,,,,,,,
3/31/20,Pets,Pets - Campaign 1,46305,250,10,70.37,61.31,300,,,,,,,,,,,,,,,
4/7/20,Pets,Pets - Campaign 1,43665,282,13,91.02,74.64,300,,,,,,,,,,,,,,,
4/9/20,Pets,Pets - Campaign 1,34060,188,4,37.48,38.52,300,,,,,,,,,,,,,,,
4/16/20,Pets,Pets - Campaign 1,46447,247,12,113.27,59.28,300,,,,,,,,,,,,,,,
4/13/20,Pets,Pets - Campaign 1,63578,348,15,123.87,87.98,300,,,,,,,,,,,,,,,
4/14/20,Pets,Pets - Campaign 1,54320,296,11,139.66,74.31,300,,,,,,,,,,,,,,,
4/28/20,Pets,Pets - Campaign 1,60768,369,12,134.31,113.69,300,,,,,,,,,,,,,,,
4/29/20,Pets,Pets - Campaign 1,47949,281,10,114.43,67.67,300,,,,,,,,,,,,,,,
4/30/20,Pets,Pets - Campaign 1,45959,251,13,63.78,61.63,300,,,,,,,,,,,,,,,
5/1/20,Pets,Pets - Campaign 1,48872,268,12,124.91,73.42,300,,,,,,,,,,,,,,,
4/19/20,Pets,Pets - Campaign 1,69985,455,26,193.96,135.11,300,,,,,,,,,,,,,,,
4/20/20,Pets,Pets - Campaign 1,60127,304,14,66.45,73.23,300,,,,,,,,,,,,,,,
4/21/20,Pets,Pets - Campaign 1,65457,383,19,116.11,116.94,300,,,,,,,,,,,,,,,
4/22/20,Pets,Pets - Campaign 1,57566,340,14,153.75,99,300,,,,,,,,,,,,,,,
5/6/20,Pets,Pets - Campaign 1,54292,269,13,80.36,73.52,300,,,,,,,,,,,,,,,
5/7/20,Pets,Pets - Campaign 1,55909,298,14,108.04,79.41,300,,,,,,,,,,,,,,,
5/8/20,Pets,Pets - Campaign 1,62664,338,16,86.27,94.99,300,,,,,,,,,,,,,,,
5/9/20,Pets,Pets - Campaign 1,71113,370,18,111.78,100.56,300,,,,,,,,,,,,,,,
4/18/20,Pets,Pets - Campaign 1,65856,407,24,189.44,118.33,300,,,,,,,,,,,,,,,
4/23/20,Pets,Pets - Campaign 1,56290,336,17,184.1,96.37,300,,,,,,,,,,,,,,,
4/25/20,Pets,Pets - Campaign 1,60843,381,16,59.33,105.01,300,,,,,,,,,,,,,,,
4/27/20,Pets,Pets - Campaign 1,60559,368,19,115.27,101.77,300,,,,,,,,,,,,,,,
5/2/20,Pets,Pets - Campaign 1,65864,418,18,92.1,133.77,300,,,,,,,,,,,,,,,
5/4/20,Pets,Pets - Campaign 1,88882,434,20,136.76,128.46,300,,,,,,,,,,,,,,,
5/11/20,Pets,Pets - Campaign 1,66709,385,20,167.55,104.13,300,,,,,,,,,,,,,,,
2/20/20,Pets,Pets - Campaign 1,18964,174,7,40.83,43.88,300,,,,,,,,,,,,,,,
2/25/20,Pets,Pets - Campaign 1,19402,184,9,86.24,47.21,300,,,,,,,,,,,,,,,
2/27/20,Pets,Pets - Campaign 1,21175,162,6,47.15,36.15,300,,,,,,,,,,,,,,,
3/5/20,Pets,Pets - Campaign 1,17740,160,7,53.45,35.16,300,,,,,,,,,,,,,,,
3/7/20,Pets,Pets - Campaign 1,25624,216,14,109.23,53.86,300,,,,,,,,,,,,,,,
3/14/20,Pets,Pets - Campaign 1,18468,166,8,87.19,39.1,300,,,,,,,,,,,,,,,
3/16/20,Pets,Pets - Campaign 1,25638,182,8,78.45,46.61,300,,,,,,,,,,,,,,,
5/14/20,Pets,Pets - Campaign 1,56152,285,14,137.02,68.44,300,,,,,,,,,,,,,,,
5/15/20,Pets,Pets - Campaign 1,82630,537,22,175.07,119.64,300,,,,,,,,,,,,,,,
5/16/20,Pets,Pets - Campaign 1,65202,485,24,203.51,134.81,300,,,,,,,,,,,,,,,
5/17/20,Pets,Pets - Campaign 1,65849,452,20,163.67,129.15,300,,,,,,,,,,,,,,,
5/31/20,Pets,Pets - Campaign 1,41304,402,29,216.74,158.45,300,,,,,,,,,,,,,,,
6/1/20,Pets,Pets - Campaign 1,51719,413,29,186.97,146.86,300,,,,,,,,,,,,,,,
6/2/20,Pets,Pets - Campaign 1,42702,377,23,180.97,156.27,300,,,,,,,,,,,,,,,
6/3/20,Pets,Pets - Campaign 1,35540,332,26,167.57,137.6,300,,,,,,,,,,,,,,,
5/23/20,Pets,Pets - Campaign 1,38551,298,13,100.89,63.98,300,,,,,,,,,,,,,,,
5/24/20,Pets,Pets - Campaign 1,46847,381,25,186.84,91.24,300,,,,,,,,,,,,,,,
5/25/20,Pets,Pets - Campaign 1,51270,432,23,202.36,114.35,300,,,,,,,,,,,,,,,
5/26/20,Pets,Pets - Campaign 1,59101,460,22,166.43,123.62,300,,,,,,,,,,,,,,,
5/13/20,Pets,Pets - Campaign 1,62290,330,18,120.46,84.09,300,,,,,,,,,,,,,,,
5/18/20,Pets,Pets - Campaign 1,58434,321,14,60.57,76.53,300,,,,,,,,,,,,,,,
5/20/20,Pets,Pets - Campaign 1,45179,268,16,139.44,59.87,300,,,,,,,,,,,,,,,
5/22/20,Pets,Pets - Campaign 1,40055,220,9,49.66,38.48,300,,,,,,,,,,,,,,,
5/27/20,Pets,Pets - Campaign 1,43652,287,14,129.29,60.75,300,,,,,,,,,,,,,,,
5/29/20,Pets,Pets - Campaign 1,31773,315,24,203.33,108.06,300,,,,,,,,,,,,,,,
6/5/20,Pets,Pets - Campaign 1,47862,386,24,165.38,151.26,300,,,,,,,,,,,,,,,
6/17/20,Pets,Pets - Campaign 1,36130,353,25,173.14,118.93,300,,,,,,,,,,,,,,,
6/18/20,Pets,Pets - Campaign 1,27083,276,17,116.21,87.06,300,,,,,,,,,,,,,,,
6/19/20,Pets,Pets - Campaign 1,29401,290,21,173.39,104.19,300,,,,,,,,,,,,,,,
6/20/20,Pets,Pets - Campaign 1,29456,327,26,174.37,118.51,300,,,,,,,,,,,,,,,
3/21/20,Pets,Pets - Campaign 1,30499,227,12,47.34,59.01,300,,,,,,,,,,,,,,,
3/23/20,Pets,Pets - Campaign 1,36625,216,9,64.13,50.3,300,,,,,,,,,,,,,,,
3/30/20,Pets,Pets - Campaign 1,58116,298,12,129.39,79.08,300,,,,,,,,,,,,,,,
4/1/20,Pets,Pets - Campaign 1,35134,211,6,21.72,50.88,300,,,,,,,,,,,,,,,
4/8/20,Pets,Pets - Campaign 1,41591,267,9,48.5,65.98,300,,,,,,,,,,,,,,,
4/10/20,Pets,Pets - Campaign 1,45476,267,13,93.23,62.42,300,,,,,,,,,,,,,,,
6/8/20,Pets,Pets - Campaign 1,39526,362,28,206.58,135.56,300,,,,,,,,,,,,,,,
6/9/20,Pets,Pets - Campaign 1,46769,385,24,170.35,146.08,300,,,,,,,,,,,,,,,
6/10/20,Pets,Pets - Campaign 1,48876,358,22,197.12,129.43,300,,,,,,,,,,,,,,,
6/11/20,Pets,Pets - Campaign 1,47941,370,26,198.87,126.63,300,,,,,,,,,,,,,,,
6/25/20,Pets,Pets - Campaign 1,34800,276,11,133.09,80.7,300,,,,,,,,,,,,,,,
6/26/20,Pets,Pets - Campaign 1,29647,217,10,100.4,58.8,300,,,,,,,,,,,,,,,
6/27/20,Pets,Pets - Campaign 1,31783,259,18,110.01,76.12,300,,,,,,,,,,,,,,,
6/28/20,Pets,Pets - Campaign 1,36952,327,19,88.82,104.81,300,,,,,,,,,,,,,,,
6/7/20,Pets,Pets - Campaign 1,37902,408,32,224.74,176.29,300,,,,,,,,,,,,,,,
6/12/20,Pets,Pets - Campaign 1,42149,360,22,158.81,121.87,300,,,,,,,,,,,,,,,
6/14/20,Pets,Pets - Campaign 1,43555,479,30,220.27,192.12,300,,,,,,,,,,,,,,,
6/16/20,Pets,Pets - Campaign 1,44058,475,28,190.58,181.91,300,,,,,,,,,,,,,,,
6/21/20,Pets,Pets - Campaign 1,32251,373,23,168.4,134.08,300,,,,,,,,,,,,,,,
6/23/20,Pets,Pets - Campaign 1,39821,350,18,127.95,129.71,300,,,,,,,,,,,,,,,
6/30/20,Pets,Pets - Campaign 1,37323,298,18,176.22,93.42,300,,,,,,,,,,,,,,,
7/3/20,Pets,Pets - Campaign 1,33745,264,16,177.53,78.07,300,,,,,,,,,,,,,,,
7/4/20,Pets,Pets - Campaign 1,36367,287,30,265.75,91.66,300,,,,,,,,,,,,,,,
7/5/20,Pets,Pets - Campaign 1,40618,343,23,247.91,106.08,300,,,,,,,,,,,,,,,
7/6/20,Pets,Pets - Campaign 1,42252,301,19,114.23,94.17,300,,,,,,,,,,,,,,,
7/7/20,Pets,Pets - Campaign 1,44922,309,16,128.96,90.44,300,,,,,,,,,,,,,,,
7/20/20,Pets,Pets - Campaign 1,36412,275,16,107.24,77.41,300,,,,,,,,,,,,,,,
7/21/20,Pets,Pets - Campaign 1,33549,291,15,156.57,77.72,300,,,,,,,,,,,,,,,
7/22/20,Pets,Pets - Campaign 1,36670,284,12,106.59,71.6,300,,,,,,,,,,,,,,,
7/23/20,Pets,Pets - Campaign 1,33484,275,14,129.61,72.73,300,,,,,,,,,,,,,,,
7/2/20,Pets,Pets - Campaign 1,32791,253,17,108.9,76.17,300,,,,,,,,,,,,,,,
7/9/20,Pets,Pets - Campaign 1,35916,261,14,107.8,73.26,300,,,,,,,,,,,,,,,
7/11/20,Pets,Pets - Campaign 1,32723,267,15,126.22,82.66,300,,,,,,,,,,,,,,,
7/16/20,Pets,Pets - Campaign 1,38580,253,12,81.63,76.98,300,,,,,,,,,,,,,,,
7/18/20,Pets,Pets - Campaign 1,39066,284,16,173.64,84.65,300,,,,,,,,,,,,,,,
7/25/20,Pets,Pets - Campaign 1,35397,297,18,129.39,87.27,300,,,,,,,,,,,,,,,
7/27/20,Pets,Pets - Campaign 1,43312,316,11,134.53,74.82,300,,,,,,,,,,,,,,,
8/6/20,Pets,Pets - Campaign 1,31963,286,18,167.32,70.6,300,,,,,,,,,,,,,,,
8/7/20,Pets,Pets - Campaign 1,35072,279,12,105.25,61.6,300,,,,,,,,,,,,,,,
8/8/20,Pets,Pets - Campaign 1,45122,368,19,194.07,88.47,300,,,,,,,,,,,,,,,
8/9/20,Pets,Pets - Campaign 1,49569,392,21,257.74,93.07,300,,,,,,,,,,,,,,,
7/12/20,Pets,Pets - Campaign 1,39907,298,17,101.99,84.83,300,,,,,,,,,,,,,,,
7/13/20,Pets,Pets - Campaign 1,40519,263,12,69.28,73.64,300,,,,,,,,,,,,,,,
7/14/20,Pets,Pets - Campaign 1,38415,255,14,132.8,76.79,300,,,,,,,,,,,,,,,
7/15/20,Pets,Pets - Campaign 1,39412,238,16,131.17,71.51,300,,,,,,,,,,,,,,,
7/28/20,Pets,Pets - Campaign 1,44434,305,20,148.02,75.4,300,,,,,,,,,,,,,,,
4/15/20,Pets,Pets - Campaign 1,46429,254,13,97.32,57.52,300,,,,,,,,,,,,,,,
4/17/20,Pets,Pets - Campaign 1,60022,323,17,133.36,83.67,300,,,,,,,,,,,,,,,
4/24/20,Pets,Pets - Campaign 1,51810,313,12,44.7,78.27,300,,,,,,,,,,,,,,,
4/26/20,Pets,Pets - Campaign 1,63130,437,22,174.8,133.63,300,,,,,,,,,,,,,,,
5/3/20,Pets,Pets - Campaign 1,75757,475,27,270.09,147.67,300,,,,,,,,,,,,,,,
5/5/20,Pets,Pets - Campaign 1,66696,356,16,135.02,101.6,300,,,,,,,,,,,,,,,
8/3/20,Pets,Pets - Campaign 1,37678,275,14,144.94,66.22,300,,,,,,,,,,,,,,,
8/5/20,Pets,Pets - Campaign 1,33536,259,18,198.68,65.43,300,,,,,,,,,,,,,,,
8/10/20,Pets,Pets - Campaign 1,44464,349,13,78.79,65.36,300,,,,,,,,,,,,,,,
8/12/20,Pets,Pets - Campaign 1,28737,345,15,80.02,71.22,300,,,,,,,,,,,,,,,
8/19/20,Pets,Pets - Campaign 1,27943,332,13,25.74,69.31,300,,,,,,,,,,,,,,,
8/21/20,Pets,Pets - Campaign 1,25458,282,11,99.23,56.11,300,,,,,,,,,,,,,,,
8/23/20,Pets,Pets - Campaign 1,34133,380,12,64.63,87.95,300,,,,,,,,,,,,,,,
8/24/20,Pets,Pets - Campaign 1,36040,325,14,121.9,67.02,300,,,,,,,,,,,,,,,
8/25/20,Pets,Pets - Campaign 1,30393,300,15,81.39,60.95,300,,,,,,,,,,,,,,,
8/26/20,Pets,Pets - Campaign 1,24875,236,11,134.94,50.58,300,,,,,,,,,,,,,,,
9/8/20,Pets,Pets - Campaign 1,34714,280,21,158.2,87.07,300,,,,,,,,,,,,,,,
9/9/20,Pets,Pets - Campaign 1,31030,271,12,73.67,73.52,300,,,,,,,,,,,,,,,
9/10/20,Pets,Pets - Campaign 1,32873,299,14,126.19,89.91,300,,,,,,,,,,,,,,,
9/11/20,Pets,Pets - Campaign 1,27196,281,16,130.62,95.36,300,,,,,,,,,,,,,,,
7/29/20,Pets,Pets - Campaign 1,42497,310,14,133.9,69.5,300,,,,,,,,,,,,,,,
7/30/20,Pets,Pets - Campaign 1,38348,292,8,55.68,68.16,300,,,,,,,,,,,,,,,
7/31/20,Pets,Pets - Campaign 1,39689,265,13,73.88,65.56,300,,,,,,,,,,,,,,,
8/1/20,Pets,Pets - Campaign 1,46017,335,13,126.09,76.72,300,,,,,,,,,,,,,,,
8/14/20,Pets,Pets - Campaign 1,27393,303,8,83.49,57.28,300,,,,,,,,,,,,,,,
8/15/20,Pets,Pets - Campaign 1,26164,281,16,144.82,57.63,300,,,,,,,,,,,,,,,
8/16/20,Pets,Pets - Campaign 1,32036,397,18,58.77,82.11,300,,,,,,,,,,,,,,,
8/17/20,Pets,Pets - Campaign 1,36827,392,12,91.47,78.55,300,,,,,,,,,,,,,,,
8/28/20,Pets,Pets - Campaign 1,27298,260,9,93.19,55.59,300,,,,,,,,,,,,,,,
8/30/20,Pets,Pets - Campaign 1,41162,393,15,94.61,90.85,300,,,,,,,,,,,,,,,
9/4/20,Pets,Pets - Campaign 1,26748,272,14,108.27,51.73,300,,,,,,,,,,,,,,,
9/6/20,Pets,Pets - Campaign 1,28331,284,16,36.75,73.83,300,,,,,,,,,,,,,,,
9/13/20,Pets,Pets - Campaign 1,31000,338,28,153.22,114.75,300,,,,,,,,,,,,,,,
9/15/20,Pets,Pets - Campaign 1,34060,355,12,111.3,129.41,300,,,,,,,,,,,,,,,
9/25/20,Pets,Pets - Campaign 1,30080,319,12,106.09,95.55,300,,,,,,,,,,,,,,,
9/26/20,Pets,Pets - Campaign 1,31642,336,16,152.93,90.29,300,,,,,,,,,,,,,,,
9/27/20,Pets,Pets - Campaign 1,34445,353,11,155.55,95.56,300,,,,,,,,,,,,,,,
9/28/20,Pets,Pets - Campaign 1,30693,348,16,230.9,97.9,300,,,,,,,,,,,,,,,
10/12/20,Pets,Pets - Campaign 1,31693,276,15,86.31,80.93,300,,,,,,,,,,,,,,,
10/13/20,Pets,Pets - Campaign 1,32486,292,23,188.5,87.17,300,,,,,,,,,,,,,,,
5/10/20,Pets,Pets - Campaign 1,70285,399,23,167.02,110.98,300,,,,,,,,,,,,,,,
5/12/20,Pets,Pets - Campaign 1,63962,374,20,189.88,105.69,300,,,,,,,,,,,,,,,
5/19/20,Pets,Pets - Campaign 1,43671,258,12,110.06,55.46,300,,,,,,,,,,,,,,,
5/21/20,Pets,Pets - Campaign 1,40488,217,9,41.63,40.27,300,,,,,,,,,,,,,,,
5/28/20,Pets,Pets - Campaign 1,36941,247,12,85.54,49.64,300,,,,,,,,,,,,,,,
5/30/20,Pets,Pets - Campaign 1,39123,401,31,227.78,148.65,300,,,,,,,,,,,,,,,
6/4/20,Pets,Pets - Campaign 1,41426,375,23,148.92,153.33,300,,,,,,,,,,,,,,,
10/14/20,Pets,Pets - Campaign 1,26135,267,11,88.73,70.12,300,,,,,,,,,,,,,,,
10/15/20,Pets,Pets - Campaign 1,20048,238,17,146.64,69.64,300,,,,,,,,,,,,,,,
10/28/20,Pets,Pets - Campaign 1,22554,304,21,209.46,91.49,300,,,,,,,,,,,,,,,
10/29/20,Pets,Pets - Campaign 1,26606,262,16,116.79,74.7,300,,,,,,,,,,,,,,,
10/30/20,Pets,Pets - Campaign 1,26585,242,16,88.72,70.84,300,,,,,,,,,,,,,,,
10/31/20,Pets,Pets - Campaign 1,23402,253,16,84.61,66.64,300,,,,,,,,,,,,,,,
11/1/20,Pets,Pets - Campaign 1,29245,311,20,59.89,84.8,300,,,,,,,,,,,,,,,
8/31/20,Pets,Pets - Campaign 1,39743,362,13,115.09,77.24,300,,,,,,,,,,,,,,,
9/1/20,Pets,Pets - Campaign 1,32218,294,13,58.29,62.96,300,,,,,,,,,,,,,,,
9/2/20,Pets,Pets - Campaign 1,28565,281,11,84.15,54.42,300,,,,,,,,,,,,,,,
9/3/20,Pets,Pets - Campaign 1,26741,310,12,107.97,63.81,300,,,,,,,,,,,,,,,
9/17/20,Pets,Pets - Campaign 1,29888,340,19,105.81,118.59,300,,,,,,,,,,,,,,,
9/18/20,Pets,Pets - Campaign 1,23629,280,15,157.79,89.72,300,,,,,,,,,,,,,,,
9/19/20,Pets,Pets - Campaign 1,24845,331,14,129.59,110.86,300,,,,,,,,,,,,,,,
6/6/20,Pets,Pets - Campaign 1,44922,428,32,245.24,176.16,300,,,,,,,,,,,,,,,
6/13/20,Pets,Pets - Campaign 1,46480,443,29,209.96,169.55,300,,,,,,,,,,,,,,,
6/15/20,Pets,Pets - Campaign 1,40033,393,25,198.73,145.7,300,,,,,,,,,,,,,,,
6/22/20,Pets,Pets - Campaign 1,41048,386,23,165.01,141.64,300,,,,,,,,,,,,,,,
6/24/20,Pets,Pets - Campaign 1,33028,291,13,72.46,87.25,300,,,,,,,,,,,,,,,
6/29/20,Pets,Pets - Campaign 1,41655,323,13,116.85,97.02,300,,,,,,,,,,,,,,,
7/1/20,Pets,Pets - Campaign 1,37830,278,15,128.47,83.41,300,,,,,,,,,,,,,,,
11/14/20,Pets,Pets - Campaign 1,20014,258,21,192.43,68.34,300,,,,,,,,,,,,,,,
11/15/20,Pets,Pets - Campaign 1,20984,289,17,203.34,76.52,300,,,,,,,,,,,,,,,
11/16/20,Pets,Pets - Campaign 1,21434,238,17,106.91,68.23,300,,,,,,,,,,,,,,,
11/17/20,Pets,Pets - Campaign 1,19464,218,15,130.93,54.96,300,,,,,,,,,,,,,,,
12/1/20,Pets,Pets - Campaign 1,30512,260,21,90.17,84.9,300,,,,,,,,,,,,,,,
12/2/20,Pets,Pets - Campaign 1,28514,278,27,267,99.23,300,,,,,,,,,,,,,,,
12/3/20,Pets,Pets - Campaign 1,19914,247,15,173.4,79.01,300,,,,,,,,,,,,,,,
12/4/20,Pets,Pets - Campaign 1,20297,264,23,100.42,90.1,300,,,,,,,,,,,,,,,
9/20/20,Pets,Pets - Campaign 1,26445,365,18,190.63,131.22,300,,,,,,,,,,,,,,,
10/3/20,Pets,Pets - Campaign 1,26916,362,23,201.53,106.16,300,,,,,,,,,,,,,,,
10/4/20,Pets,Pets - Campaign 1,27929,369,18,99.9,109.4,300,,,,,,,,,,,,,,,
10/5/20,Pets,Pets - Campaign 1,30214,342,11,54.24,93.96,300,,,,,,,,,,,,,,,
10/6/20,Pets,Pets - Campaign 1,29186,329,15,135.69,102.75,300,,,,,,,,,,,,,,,
12/17/20,Pets,Pets - Campaign 1,38354,343,21,174.03,100.22,300,,,,,,,,,,,,,,,
12/18/20,Pets,Pets - Campaign 1,37619,352,24,187.68,101.45,300,,,,,,,,,,,,,,,
12/19/20,Pets,Pets - Campaign 1,45677,434,33,235.38,129.59,300,,,,,,,,,,,,,,,
12/20/20,Pets,Pets - Campaign 1,54870,471,31,258.21,143.94,300,,,,,,,,,,,,,,,
12/21/20,Pets,Pets - Campaign 1,50901,402,23,195.07,113.43,300,,,,,,,,,,,,,,,
7/8/20,Pets,Pets - Campaign 1,45210,298,15,99.61,84.07,300,,,,,,,,,,,,,,,
7/10/20,Pets,Pets - Campaign 1,33366,226,16,149.34,62.05,300,,,,,,,,,,,,,,,
7/17/20,Pets,Pets - Campaign 1,35686,246,10,114.5,72.53,300,,,,,,,,,,,,,,,
7/19/20,Pets,Pets - Campaign 1,37449,338,21,184.86,96.45,300,,,,,,,,,,,,,,,
7/24/20,Pets,Pets - Campaign 1,31068,233,12,102.34,58.29,300,,,,,,,,,,,,,,,
7/26/20,Pets,Pets - Campaign 1,39041,318,17,122.66,84.02,300,,,,,,,,,,,,,,,
10/20/20,Pets,Pets - Campaign 1,26814,239,15,142,60.77,300,,,,,,,,,,,,,,,
10/21/20,Pets,Pets - Campaign 1,28049,248,13,147.37,64.28,300,,,,,,,,,,,,,,,
10/22/20,Pets,Pets - Campaign 1,22933,245,12,94.15,64.6,300,,,,,,,,,,,,,,,
10/23/20,Pets,Pets - Campaign 1,20910,266,15,174.59,77.88,300,,,,,,,,,,,,,,,
11/6/20,Pets,Pets - Campaign 1,21262,236,7,67.36,70.12,300,,,,,,,,,,,,,,,
11/7/20,Pets,Pets - Campaign 1,22347,291,18,112.92,92.62,300,,,,,,,,,,,,,,,
11/8/20,Pets,Pets - Campaign 1,26351,351,21,58.36,109.01,300,,,,,,,,,,,,,,,
11/9/20,Pets,Pets - Campaign 1,26860,273,17,99.43,77.46,300,,,,,,,,,,,,,,,
8/2/20,Pets,Pets - Campaign 1,42322,318,9,61.46,73.89,300,,,,,,,,,,,,,,,
8/4/20,Pets,Pets - Campaign 1,33467,242,10,89.43,65.26,300,,,,,,,,,,,,,,,
8/11/20,Pets,Pets - Campaign 1,37044,333,10,63.36,67.57,300,,,,,,,,,,,,,,,
8/13/20,Pets,Pets - Campaign 1,28474,327,9,126.82,63.87,300,,,,,,,,,,,,,,,
8/18/20,Pets,Pets - Campaign 1,30782,322,13,140.23,66.31,300,,,,,,,,,,,,,,,
8/20/20,Pets,Pets - Campaign 1,24205,303,12,56.48,57.16,300,,,,,,,,,,,,,,,
8/22/20,Pets,Pets - Campaign 1,30632,362,19,176.07,80.31,300,,,,,,,,,,,,,,,
11/22/20,Pets,Pets - Campaign 1,25826,293,20,216.33,89.98,300,,,,,,,,,,,,,,,
11/23/20,Pets,Pets - Campaign 1,25407,265,18,181.77,77.87,300,,,,,,,,,,,,,,,
11/24/20,Pets,Pets - Campaign 1,24622,273,19,130.22,81.65,300,,,,,,,,,,,,,,,
11/25/20,Pets,Pets - Campaign 1,20420,227,16,163.33,70.29,300,,,,,,,,,,,,,,,
11/26/20,Pets,Pets - Campaign 1,16848,225,24,221.24,70.36,300,,,,,,,,,,,,,,,
8/27/20,Pets,Pets - Campaign 1,30036,296,12,105.2,62.3,300,,,,,,,,,,,,,,,
8/29/20,Pets,Pets - Campaign 1,35760,330,11,113.14,69.36,300,,,,,,,,,,,,,,,
9/5/20,Pets,Pets - Campaign 1,26525,294,17,195.67,76.43,300,,,,,,,,,,,,,,,
9/7/20,Pets,Pets - Campaign 1,32517,267,19,224.81,66.74,300,,,,,,,,,,,,,,,
9/12/20,Pets,Pets - Campaign 1,26030,296,19,180.45,102.5,300,,,,,,,,,,,,,,,
9/14/20,Pets,Pets - Campaign 1,34788,295,22,205.31,94.67,300,,,,,,,,,,,,,,,
9/16/20,Pets,Pets - Campaign 1,31596,321,22,215.32,114.1,300,,,,,,,,,,,,,,,
12/9/20,Pets,Pets - Campaign 1,35237,363,25,221.45,120.5,300,,,,,,,,,,,,,,,
12/10/20,Pets,Pets - Campaign 1,35115,376,24,204.11,131.25,300,,,,,,,,,,,,,,,
12/11/20,Pets,Pets - Campaign 1,35948,372,26,224.22,122.39,300,,,,,,,,,,,,,,,
12/12/20,Pets,Pets - Campaign 1,45240,417,31,264.99,140.43,300,,,,,,,,,,,,,,,
12/26/20,Pets,Pets - Campaign 1,50386,634,50,477.56,240.46,300,,,,,,,,,,,,,,,
12/27/20,Pets,Pets - Campaign 1,54088,642,47,427.32,243.32,300,,,,,,,,,,,,,,,
12/28/20,Pets,Pets - Campaign 1,56434,534,35,318.71,190.56,300,,,,,,,,,,,,,,,
12/29/20,Pets,Pets - Campaign 1,60099,548,37,333.84,202.68,300,,,,,,,,,,,,,,,
9/21/20,Pets,Pets - Campaign 1,29990,346,21,0,121.12,300,,,,,,,,,,,,,,,
9/23/20,Pets,Pets - Campaign 1,28254,344,21,191.8,115.5,300,,,,,,,,,,,,,,,
9/30/20,Pets,Pets - Campaign 1,25495,290,8,0,70.95,300,,,,,,,,,,,,,,,
10/2/20,Pets,Pets - Campaign 1,20682,240,6,121.69,65.17,300,,,,,,,,,,,,,,,
10/7/20,Pets,Pets - Campaign 1,26637,293,17,104.55,87.29,300,,,,,,,,,,,,,,,
10/9/20,Pets,Pets - Campaign 1,20191,227,14,142.04,68.52,300,,,,,,,,,,,,,,,
10/11/20,Pets,Pets - Campaign 1,29711,326,20,136.98,92.35,300,,,,,,,,,,,,,,,
10/16/20,Pets,Pets - Campaign 1,19189,209,9,68.25,53.07,300,,,,,,,,,,,,,,,
10/18/20,Pets,Pets - Campaign 1,30142,335,17,0,98.42,300,,,,,,,,,,,,,,,
10/25/20,Pets,Pets - Campaign 1,25702,323,24,206.89,97.17,300,,,,,,,,,,,,,,,
10/27/20,Pets,Pets - Campaign 1,18543,246,11,96.64,64.72,300,,,,,,,,,,,,,,,
11/3/20,Pets,Pets - Campaign 1,20885,199,11,171,51.12,300,,,,,,,,,,,,,,,
11/5/20,Pets,Pets - Campaign 1,22989,215,16,137.4,67.36,300,,,,,,,,,,,,,,,
11/10/20,Pets,Pets - Campaign 1,23239,255,17,210,75.62,300,,,,,,,,,,,,,,,
11/12/20,Pets,Pets - Campaign 1,21917,272,10,71.24,70.53,300,,,,,,,,,,,,,,,
11/19/20,Pets,Pets - Campaign 1,22573,231,14,79.42,71.93,300,,,,,,,,,,,,,,,
11/21/20,Pets,Pets - Campaign 1,24323,252,17,103.88,75.37,300,,,,,,,,,,,,,,,
11/28/20,Pets,Pets - Campaign 1,24603,279,24,208.62,92.56,300,,,,,,,,,,,,,,,
11/30/20,Pets,Pets - Campaign 1,35104,297,21,150.13,93.72,300,,,,,,,,,,,,,,,
12/5/20,Pets,Pets - Campaign 1,20999,326,20,215.03,102.6,300,,,,,,,,,,,,,,,
12/7/20,Pets,Pets - Campaign 1,45732,417,26,167.14,137.35,300,,,,,,,,,,,,,,,
12/14/20,Pets,Pets - Campaign 1,42058,419,26,226.55,142.39,300,,,,,,,,,,,,,,,
12/16/20,Pets,Pets - Campaign 1,48206,422,25,229.31,140.61,300,,,,,,,,,,,,,,,
12/23/20,Pets,Pets - Campaign 1,43438,438,25,235.09,144.93,300,,,,,,,,,,,,,,,
12/25/20,Pets,Pets - Campaign 1,26490,447,42,372.22,155.58,300,,,,,,,,,,,,,,,
12/30/20,Pets,Pets - Campaign 1,53449,452,30,301.97,154.12,300,,,,,,,,,,,,,,,
9/22/20,Pets,Pets - Campaign 1,27824,344,23,121.29,122.92,300,,,,,,,,,,,,,,,
9/24/20,Pets,Pets - Campaign 1,31307,361,19,142.67,110.31,300,,,,,,,,,,,,,,,
9/29/20,Pets,Pets - Campaign 1,23893,309,17,129.88,86.03,300,,,,,,,,,,,,,,,
10/1/20,Pets,Pets - Campaign 1,25144,271,8,88.57,70.27,300,,,,,,,,,,,,,,,
10/8/20,Pets,Pets - Campaign 1,21803,248,10,0,70.79,300,,,,,,,,,,,,,,,
10/10/20,Pets,Pets - Campaign 1,28340,344,25,146.11,102.62,300,,,,,,,,,,,,,,,
10/17/20,Pets,Pets - Campaign 1,23917,270,24,285.13,80.94,300,,,,,,,,,,,,,,,
10/19/20,Pets,Pets - Campaign 1,28128,263,14,96.42,70.1,300,,,,,,,,,,,,,,,
10/24/20,Pets,Pets - Campaign 1,23720,298,25,194.43,90.89,300,,,,,,,,,,,,,,,
10/26/20,Pets,Pets - Campaign 1,24252,294,19,149.23,80.98,300,,,,,,,,,,,,,,,
11/2/20,Pets,Pets - Campaign 1,26050,240,11,68.96,62.8,300,,,,,,,,,,,,,,,
11/4/20,Pets,Pets - Campaign 1,19375,189,8,80.02,49.61,300,,,,,,,,,,,,,,,
11/11/20,Pets,Pets - Campaign 1,24893,295,12,108.8,81.65,300,,,,,,,,,,,,,,,
11/13/20,Pets,Pets - Campaign 1,20525,253,11,125.69,62.99,300,,,,,,,,,,,,,,,
11/18/20,Pets,Pets - Campaign 1,23992,249,16,172.03,70.62,300,,,,,,,,,,,,,,,
11/20/20,Pets,Pets - Campaign 1,19156,219,14,102.07,60.36,300,,,,,,,,,,,,,,,
11/27/20,Pets,Pets - Campaign 1,20013,217,13,127.74,67.24,300,,,,,,,,,,,,,,,
11/29/20,Pets,Pets - Campaign 1,37256,364,26,204.26,116.85,300,,,,,,,,,,,,,,,
12/6/20,Pets,Pets - Campaign 1,45509,514,35,203.79,181.43,300,,,,,,,,,,,,,,,
12/8/20,Pets,Pets - Campaign 1,38306,356,21,147.82,111.84,300,,,,,,,,,,,,,,,
12/13/20,Pets,Pets - Campaign 1,44594,455,33,278.18,149.96,300,,,,,,,,,,,,,,,
12/15/20,Pets,Pets - Campaign 1,41394,395,25,208.17,133.65,300,,,,,,,,,,,,,,,
12/22/20,Pets,Pets - Campaign 1,52757,429,21,171.36,131.15,300,,,,,,,,,,,,,,,
12/24/20,Pets,Pets - Campaign 1,37456,433,32,242.9,149.16,300,,,,,,,,,,,,,,,
12/31/20,Pets,Pets - Campaign 1,49998,471,40,363.15,165.67,300,,,,,,,,,,,,,,,
1/1/20,Law,Law - Campaign 1,7307,193,6,84.57,41.09,150,,,,,,,,,,,,,,,
1/2/20,Law,Law - Campaign 1,7300,239,11,160.28,58.55,150,,,,,,,,,,,,,,,
1/3/20,Law,Law - Campaign 1,6857,207,5,78.34,53.17,150,,,,,,,,,,,,,,,
1/4/20,Law,Law - Campaign 1,6045,187,6,90.44,47.02,150,,,,,,,,,,,,,,,
1/5/20,Law,Law - Campaign 1,6777,217,6,52.37,50.47,150,,,,,,,,,,,,,,,
1/6/20,Law,Law - Campaign 1,9439,269,11,130.43,76.54,150,,,,,,,,,,,,,,,
1/7/20,Law,Law - Campaign 1,8036,217,8,80.44,53.68,150,,,,,,,,,,,,,,,
1/8/20,Law,Law - Campaign 1,6746,206,7,101.93,53.23,150,,,,,,,,,,,,,,,
1/9/20,Law,Law - Campaign 1,7760,230,6,63.22,60.07,150,,,,,,,,,,,,,,,
1/10/20,Law,Law - Campaign 1,7526,210,9,118.63,54.69,150,,,,,,,,,,,,,,,
1/11/20,Law,Law - Campaign 1,6243,152,4,26.41,32.85,150,,,,,,,,,,,,,,,
1/12/20,Law,Law - Campaign 1,6835,146,3,38.95,29.34,150,,,,,,,,,,,,,,,
1/13/20,Law,Law - Campaign 1,8663,219,6,52.64,50.81,150,,,,,,,,,,,,,,,
1/14/20,Law,Law - Campaign 1,8027,207,7,103.77,49.64,150,,,,,,,,,,,,,,,
1/15/20,Law,Law - Campaign 1,7879,174,7,123.13,36.59,150,,,,,,,,,,,,,,,
1/16/20,Law,Law - Campaign 1,9123,171,3,50.3,29.35,150,,,,,,,,,,,,,,,
1/17/20,Law,Law - Campaign 1,6308,129,5,65.9,28.91,150,,,,,,,,,,,,,,,
1/18/20,Law,Law - Campaign 1,6628,132,4,54.36,32.22,150,,,,,,,,,,,,,,,
1/19/20,Law,Law - Campaign 1,7751,155,8,96.05,35.1,150,,,,,,,,,,,,,,,
1/20/20,Law,Law - Campaign 1,5725,181,6,57.77,40.84,150,,,,,,,,,,,,,,,
1/21/20,Law,Law - Campaign 1,5847,195,8,127.31,53.66,150,,,,,,,,,,,,,,,
1/22/20,Law,Law - Campaign 1,7111,206,7,107.1,59.77,150,,,,,,,,,,,,,,,
1/23/20,Law,Law - Campaign 1,7578,218,7,84.76,63.77,150,,,,,,,,,,,,,,,
1/24/20,Law,Law - Campaign 1,6159,183,6,88.94,51.31,150,,,,,,,,,,,,,,,
1/25/20,Law,Law - Campaign 1,4981,147,8,104.11,35.86,150,,,,,,,,,,,,,,,
1/26/20,Law,Law - Campaign 1,4494,141,4,26.44,24.17,150,,,,,,,,,,,,,,,
1/27/20,Law,Law - Campaign 1,5618,189,5,60.99,47.98,150,,,,,,,,,,,,,,,
1/28/20,Law,Law - Campaign 1,5370,178,4,77.12,39.18,150,,,,,,,,,,,,,,,
1/29/20,Law,Law - Campaign 1,5253,207,8,114.35,47.07,150,,,,,,,,,,,,,,,
1/30/20,Law,Law - Campaign 1,4856,215,6,94.85,46.06,150,,,,,,,,,,,,,,,
1/31/20,Law,Law - Campaign 1,3587,167,5,53.44,33.05,150,,,,,,,,,,,,,,,
2/1/20,Law,Law - Campaign 1,3563,160,7,105.63,35.48,150,,,,,,,,,,,,,,,
2/2/20,Law,Law - Campaign 1,3557,147,6,107.31,31.46,150,,,,,,,,,,,,,,,
2/3/20,Law,Law - Campaign 1,3969,191,5,88.52,49.01,150,,,,,,,,,,,,,,,
2/4/20,Law,Law - Campaign 1,4913,249,7,64.09,58.7,150,,,,,,,,,,,,,,,
2/5/20,Law,Law - Campaign 1,3222,168,6,46.68,37.93,150,,,,,,,,,,,,,,,
2/6/20,Law,Law - Campaign 1,3362,165,5,61.98,38.22,150,,,,,,,,,,,,,,,
2/7/20,Law,Law - Campaign 1,3731,154,7,78.16,37.59,150,,,,,,,,,,,,,,,
2/8/20,Law,Law - Campaign 1,3477,135,4,22.64,30.3,150,,,,,,,,,,,,,,,
2/9/20,Law,Law - Campaign 1,3720,148,5,64.62,30.21,150,,,,,,,,,,,,,,,
2/10/20,Law,Law - Campaign 1,4582,201,6,32.11,46.61,150,,,,,,,,,,,,,,,
2/11/20,Law,Law - Campaign 1,4167,190,6,97.39,43.39,150,,,,,,,,,,,,,,,
2/12/20,Law,Law - Campaign 1,4384,203,9,101.8,65.9,150,,,,,,,,,,,,,,,
2/13/20,Law,Law - Campaign 1,4736,212,8,102.46,70.94,150,,,,,,,,,,,,,,,
2/14/20,Law,Law - Campaign 1,4545,187,6,88.87,60.55,150,,,,,,,,,,,,,,,
2/15/20,Law,Law - Campaign 1,4760,197,8,90.46,57.52,150,,,,,,,,,,,,,,,
2/16/20,Law,Law - Campaign 1,4773,164,5,77.99,44.24,150,,,,,,,,,,,,,,,
2/17/20,Law,Law - Campaign 1,6150,243,10,141.74,84.24,150,,,,,,,,,,,,,,,
2/18/20,Law,Law - Campaign 1,4432,198,9,143.33,76.99,150,,,,,,,,,,,,,,,
2/19/20,Law,Law - Campaign 1,4539,182,7,56.69,60.95,150,,,,,,,,,,,,,,,
2/20/20,Law,Law - Campaign 1,4092,167,8,85.56,53.12,150,,,,,,,,,,,,,,,
2/21/20,Law,Law - Campaign 1,4206,126,5,33.67,37.78,150,,,,,,,,,,,,,,,
2/22/20,Law,Law - Campaign 1,3316,100,4,59.35,21.59,150,,,,,,,,,,,,,,,
2/23/20,Law,Law - Campaign 1,4077,119,5,69.55,28.33,150,,,,,,,,,,,,,,,
2/24/20,Law,Law - Campaign 1,4874,143,6,70.71,43.25,150,,,,,,,,,,,,,,,
2/25/20,Law,Law - Campaign 1,4615,144,7,112.62,40.7,150,,,,,,,,,,,,,,,
2/26/20,Law,Law - Campaign 1,4313,152,6,64.53,42.17,150,,,,,,,,,,,,,,,
2/27/20,Law,Law - Campaign 1,5271,187,8,104.89,65.45,150,,,,,,,,,,,,,,,
2/28/20,Law,Law - Campaign 1,5940,164,6,95.55,58.96,150,,,,,,,,,,,,,,,
2/29/20,Law,Law - Campaign 1,5369,126,7,100.71,41.4,150,,,,,,,,,,,,,,,
3/1/20,Law,Law - Campaign 1,5351,130,7,75.64,38.39,150,,,,,,,,,,,,,,,
3/2/20,Law,Law - Campaign 1,7124,192,11,112.13,71.29,150,,,,,,,,,,,,,,,
3/3/20,Law,Law - Campaign 1,6075,174,8,84.62,62.77,150,,,,,,,,,,,,,,,
3/4/20,Law,Law - Campaign 1,5828,193,8,147.62,68.71,150,,,,,,,,,,,,,,,
3/5/20,Law,Law - Campaign 1,4969,169,10,77.08,62.43,150,,,,,,,,,,,,,,,
3/6/20,Law,Law - Campaign 1,5061,159,8,102.7,60.46,150,,,,,,,,,,,,,,,
3/7/20,Law,Law - Campaign 1,5827,179,9,109.81,58.75,150,,,,,,,,,,,,,,,
3/8/20,Law,Law - Campaign 1,6695,175,8,72.69,52.52,150,,,,,,,,,,,,,,,
3/9/20,Law,Law - Campaign 1,7393,202,9,162.76,64.79,150,,,,,,,,,,,,,,,
3/10/20,Law,Law - Campaign 1,5883,158,7,86.55,59.25,150,,,,,,,,,,,,,,,
3/11/20,Law,Law - Campaign 1,5363,163,7,100.3,59.46,150,,,,,,,,,,,,,,,
3/12/20,Law,Law - Campaign 1,6832,159,8,105.78,55.55,150,,,,,,,,,,,,,,,
3/13/20,Law,Law - Campaign 1,6731,143,6,91.7,45.93,150,,,,,,,,,,,,,,,
3/14/20,Law,Law - Campaign 1,6696,136,5,79.31,39.84,150,,,,,,,,,,,,,,,
3/15/20,Law,Law - Campaign 1,8727,169,4,49.33,41.89,150,,,,,,,,,,,,,,,
3/16/20,Law,Law - Campaign 1,8919,222,10,166.68,68.76,150,,,,,,,,,,,,,,,
3/17/20,Law,Law - Campaign 1,8516,236,7,70.02,67.81,150,,,,,,,,,,,,,,,
3/18/20,Law,Law - Campaign 1,8318,210,11,160.09,65.76,150,,,,,,,,,,,,,,,
3/19/20,Law,Law - Campaign 1,7966,189,11,97.38,59.73,150,,,,,,,,,,,,,,,
3/20/20,Law,Law - Campaign 1,8329,195,8,108.4,64.95,150,,,,,,,,,,,,,,,
3/21/20,Law,Law - Campaign 1,9763,234,9,127.6,67.76,150,,,,,,,,,,,,,,,
3/22/20,Law,Law - Campaign 1,12579,280,10,129.17,77.68,150,,,,,,,,,,,,,,,
3/23/20,Law,Law - Campaign 1,16140,389,15,181.47,128.93,150,,,,,,,,,,,,,,,
3/24/20,Law,Law - Campaign 1,16085,426,16,150.61,135.26,150,,,,,,,,,,,,,,,
3/25/20,Law,Law - Campaign 1,14614,352,8,70.97,100.24,150,,,,,,,,,,,,,,,
3/26/20,Law,Law - Campaign 1,11207,294,13,161.39,82.56,150,,,,,,,,,,,,,,,
3/27/20,Law,Law - Campaign 1,8199,238,14,148.44,63.56,150,,,,,,,,,,,,,,,
3/28/20,Law,Law - Campaign 1,8703,208,9,189.66,53.28,150,,,,,,,,,,,,,,,
3/29/20,Law,Law - Campaign 1,10309,245,10,83.46,64.09,150,,,,,,,,,,,,,,,
3/30/20,Law,Law - Campaign 1,13628,366,16,191.55,109.17,150,,,,,,,,,,,,,,,
3/31/20,Law,Law - Campaign 1,22732,595,10,120.59,112.42,150,,,,,,,,,,,,,,,
4/1/20,Law,Law - Campaign 1,10764,257,7,114.34,89.67,150,,,,,,,,,,,,,,,
4/2/20,Law,Law - Campaign 1,10692,268,13,217.05,95.23,150,,,,,,,,,,,,,,,
4/3/20,Law,Law - Campaign 1,9461,251,11,183.12,87.1,150,,,,,,,,,,,,,,,
4/4/20,Law,Law - Campaign 1,10137,265,8,84.84,72.06,150,,,,,,,,,,,,,,,
4/5/20,Law,Law - Campaign 1,10580,229,7,56.99,58.76,150,,,,,,,,,,,,,,,
4/6/20,Law,Law - Campaign 1,9783,275,10,111.71,76.17,150,,,,,,,,,,,,,,,
4/7/20,Law,Law - Campaign 1,7888,240,7,119.98,60.64,150,,,,,,,,,,,,,,,
4/8/20,Law,Law - Campaign 1,7499,202,7,75.61,48.06,150,,,,,,,,,,,,,,,
4/9/20,Law,Law - Campaign 1,9397,222,8,92.48,53.35,150,,,,,,,,,,,,,,,
4/10/20,Law,Law - Campaign 1,8674,200,9,115.94,48.47,150,,,,,,,,,,,,,,,
4/11/20,Law,Law - Campaign 1,7435,188,8,93.5,43.67,150,,,,,,,,,,,,,,,
4/12/20,Law,Law - Campaign 1,6591,140,3,52.49,28.83,150,,,,,,,,,,,,,,,
4/13/20,Law,Law - Campaign 1,11321,312,9,117.34,82.7,150,,,,,,,,,,,,,,,
4/14/20,Law,Law - Campaign 1,10190,300,11,159.02,79.61,150,,,,,,,,,,,,,,,
4/15/20,Law,Law - Campaign 1,8831,284,12,155.62,66.63,150,,,,,,,,,,,,,,,
4/16/20,Law,Law - Campaign 1,8335,255,11,164.05,67.46,150,,,,,,,,,,,,,,,
4/17/20,Law,Law - Campaign 1,9745,290,9,93.73,72.99,150,,,,,,,,,,,,,,,
4/18/20,Law,Law - Campaign 1,9291,259,10,91.82,65.19,150,,,,,,,,,,,,,,,
4/19/20,Law,Law - Campaign 1,10382,248,7,55.37,60.32,150,,,,,,,,,,,,,,,
4/20/20,Law,Law - Campaign 1,11663,330,10,134.2,95.06,150,,,,,,,,,,,,,,,
4/21/20,Law,Law - Campaign 1,12412,340,11,121.88,105.78,150,,,,,,,,,,,,,,,
4/22/20,Law,Law - Campaign 1,9705,306,12,145.62,87.86,150,,,,,,,,,,,,,,,
4/23/20,Law,Law - Campaign 1,9442,320,9,105.21,86.76,150,,,,,,,,,,,,,,,
4/24/20,Law,Law - Campaign 1,8525,276,9,151.14,78.46,150,,,,,,,,,,,,,,,
4/25/20,Law,Law - Campaign 1,7055,213,7,71,54.77,150,,,,,,,,,,,,,,,
4/26/20,Law,Law - Campaign 1,7084,191,6,78.7,40.16,150,,,,,,,,,,,,,,,
4/27/20,Law,Law - Campaign 1,8976,305,9,93.25,86.61,150,,,,,,,,,,,,,,,
4/28/20,Law,Law - Campaign 1,7579,273,6,73.05,66.56,150,,,,,,,,,,,,,,,
4/29/20,Law,Law - Campaign 1,8304,313,5,81.67,67.6,150,,,,,,,,,,,,,,,
4/30/20,Law,Law - Campaign 1,8074,295,12,131.83,69.06,150,,,,,,,,,,,,,,,
5/1/20,Law,Law - Campaign 1,7476,246,5,45.45,59.92,150,,,,,,,,,,,,,,,
5/2/20,Law,Law - Campaign 1,6354,198,6,38,42.26,150,,,,,,,,,,,,,,,
5/3/20,Law,Law - Campaign 1,8656,269,6,79.96,63.05,150,,,,,,,,,,,,,,,
5/4/20,Law,Law - Campaign 1,8671,286,12,153.92,66.03,150,,,,,,,,,,,,,,,
5/5/20,Law,Law - Campaign 1,7840,271,11,105.01,59.49,150,,,,,,,,,,,,,,,
5/6/20,Law,Law - Campaign 1,7169,260,8,125.91,61.98,150,,,,,,,,,,,,,,,
5/7/20,Law,Law - Campaign 1,7417,288,9,108.38,66.48,150,,,,,,,,,,,,,,,
5/8/20,Law,Law - Campaign 1,8011,268,8,93.37,72.5,150,,,,,,,,,,,,,,,
5/9/20,Law,Law - Campaign 1,7406,240,6,80.99,53.2,150,,,,,,,,,,,,,,,
5/10/20,Law,Law - Campaign 1,6238,185,5,63.62,37.92,150,,,,,,,,,,,,,,,
5/11/20,Law,Law - Campaign 1,7562,276,6,110.26,63.21,150,,,,,,,,,,,,,,,
5/12/20,Law,Law - Campaign 1,6753,280,9,130.79,65.97,150,,,,,,,,,,,,,,,
5/13/20,Law,Law - Campaign 1,7137,294,10,141.67,72.74,150,,,,,,,,,,,,,,,
5/14/20,Law,Law - Campaign 1,6931,218,5,36.62,53.54,150,,,,,,,,,,,,,,,
5/15/20,Law,Law - Campaign 1,5789,216,9,140.93,50.32,150,,,,,,,,,,,,,,,
5/16/20,Law,Law - Campaign 1,5989,211,8,93.83,50.49,150,,,,,,,,,,,,,,,
5/17/20,Law,Law - Campaign 1,7147,251,6,58.05,59.18,150,,,,,,,,,,,,,,,
5/18/20,Law,Law - Campaign 1,7957,254,11,203.58,69.25,150,,,,,,,,,,,,,,,
5/19/20,Law,Law - Campaign 1,7790,263,10,127.46,72.92,150,,,,,,,,,,,,,,,
5/20/20,Law,Law - Campaign 1,9059,260,7,100.66,70.6,150,,,,,,,,,,,,,,,
5/21/20,Law,Law - Campaign 1,9620,283,12,146.12,89.72,150,,,,,,,,,,,,,,,
5/22/20,Law,Law - Campaign 1,9011,244,8,107.44,71.42,150,,,,,,,,,,,,,,,
5/23/20,Law,Law - Campaign 1,7413,194,6,79.14,57.49,150,,,,,,,,,,,,,,,
5/24/20,Law,Law - Campaign 1,8541,226,6,80.08,60.17,150,,,,,,,,,,,,,,,
5/25/20,Law,Law - Campaign 1,8541,261,7,177.85,66.25,150,,,,,,,,,,,,,,,
5/26/20,Law,Law - Campaign 1,9687,320,12,147.06,97.78,150,,,,,,,,,,,,,,,
5/27/20,Law,Law - Campaign 1,8334,258,5,62.99,71.95,150,,,,,,,,,,,,,,,
5/28/20,Law,Law - Campaign 1,7690,250,9,81.99,63.13,150,,,,,,,,,,,,,,,
5/29/20,Law,Law - Campaign 1,6838,235,9,139.74,68.53,150,,,,,,,,,,,,,,,
5/30/20,Law,Law - Campaign 1,7787,224,10,132.54,62.2,150,,,,,,,,,,,,,,,
5/31/20,Law,Law - Campaign 1,11426,266,6,114.7,63.95,150,,,,,,,,,,,,,,,
6/1/20,Law,Law - Campaign 1,16040,460,13,214.64,116.13,150,,,,,,,,,,,,,,,
6/2/20,Law,Law - Campaign 1,8400,302,8,84.58,90.7,150,,,,,,,,,,,,,,,
6/3/20,Law,Law - Campaign 1,7360,263,9,107.43,70.76,150,,,,,,,,,,,,,,,
6/4/20,Law,Law - Campaign 1,7071,248,11,169.58,66.58,150,,,,,,,,,,,,,,,
6/5/20,Law,Law - Campaign 1,7143,240,6,81.35,60.14,150,,,,,,,,,,,,,,,
6/6/20,Law,Law - Campaign 1,6746,217,7,82.45,53.34,150,,,,,,,,,,,,,,,
6/7/20,Law,Law - Campaign 1,6910,215,6,105.94,49.52,150,,,,,,,,,,,,,,,
6/8/20,Law,Law - Campaign 1,7053,264,10,138.27,74.54,150,,,,,,,,,,,,,,,
6/9/20,Law,Law - Campaign 1,7877,271,8,76.24,79.98,150,,,,,,,,,,,,,,,
6/10/20,Law,Law - Campaign 1,7171,265,9,155.37,72,150,,,,,,,,,,,,,,,
6/11/20,Law,Law - Campaign 1,7759,255,7,151.76,70.61,150,,,,,,,,,,,,,,,
6/12/20,Law,Law - Campaign 1,7275,242,12,93.46,72.97,150,,,,,,,,,,,,,,,
6/13/20,Law,Law - Campaign 1,6580,209,8,71.94,62.11,150,,,,,,,,,,,,,,,
6/14/20,Law,Law - Campaign 1,6551,201,9,82.65,54.73,150,,,,,,,,,,,,,,,
6/15/20,Law,Law - Campaign 1,6857,238,9,109.26,68.31,150,,,,,,,,,,,,,,,
6/16/20,Law,Law - Campaign 1,6522,218,11,246.96,73.04,150,,,,,,,,,,,,,,,
6/17/20,Law,Law - Campaign 1,6911,262,8,115.58,91.31,150,,,,,,,,,,,,,,,
6/18/20,Law,Law - Campaign 1,8635,276,10,149.68,89.82,150,,,,,,,,,,,,,,,
6/19/20,Law,Law - Campaign 1,8466,266,15,156.93,99.26,150,,,,,,,,,,,,,,,
6/20/20,Law,Law - Campaign 1,6889,221,9,104.9,74.33,150,,,,,,,,,,,,,,,
6/21/20,Law,Law - Campaign 1,6802,208,10,66.58,70.46,150,,,,,,,,,,,,,,,
6/22/20,Law,Law - Campaign 1,9179,304,17,201.73,130.23,150,,,,,,,,,,,,,,,
6/23/20,Law,Law - Campaign 1,9011,292,12,165.75,141,150,,,,,,,,,,,,,,,
6/24/20,Law,Law - Campaign 1,6564,244,9,92.33,86.22,150,,,,,,,,,,,,,,,
6/25/20,Law,Law - Campaign 1,6135,218,11,115.81,81.54,150,,,,,,,,,,,,,,,
6/26/20,Law,Law - Campaign 1,6394,216,8,143.27,76.23,150,,,,,,,,,,,,,,,
6/27/20,Law,Law - Campaign 1,5847,187,3,48.65,66.3,150,,,,,,,,,,,,,,,
6/28/20,Law,Law - Campaign 1,6312,190,3,48.47,60.57,150,,,,,,,,,,,,,,,
6/29/20,Law,Law - Campaign 1,7426,280,11,142.41,95.65,150,,,,,,,,,,,,,,,
6/30/20,Law,Law - Campaign 1,13737,381,6,97.14,69.69,150,,,,,,,,,,,,,,,
7/1/20,Law,Law - Campaign 1,4620,145,6,63.87,50.29,150,,,,,,,,,,,,,,,
7/2/20,Law,Law - Campaign 1,3384,117,6,92.17,34.03,150,,,,,,,,,,,,,,,
7/3/20,Law,Law - Campaign 1,3070,106,5,58.08,28.38,150,,,,,,,,,,,,,,,
7/4/20,Law,Law - Campaign 1,3041,89,2,38.71,21.05,150,,,,,,,,,,,,,,,
7/5/20,Law,Law - Campaign 1,4014,120,7,66.69,29.34,150,,,,,,,,,,,,,,,
7/6/20,Law,Law - Campaign 1,4034,140,7,58.57,38.18,150,,,,,,,,,,,,,,,
7/7/20,Law,Law - Campaign 1,4964,190,7,42.11,64.27,150,,,,,,,,,,,,,,,
7/8/20,Law,Law - Campaign 1,5116,208,7,83.8,72.27,150,,,,,,,,,,,,,,,
7/9/20,Law,Law - Campaign 1,4998,170,9,50.1,58.63,150,,,,,,,,,,,,,,,
7/10/20,Law,Law - Campaign 1,3290,118,4,35.72,31.41,150,,,,,,,,,,,,,,,
7/11/20,Law,Law - Campaign 1,2584,115,3,36.49,32.13,150,,,,,,,,,,,,,,,
7/12/20,Law,Law - Campaign 1,3215,127,6,65.68,31.37,150,,,,,,,,,,,,,,,
7/13/20,Law,Law - Campaign 1,3996,182,7,89.62,58.3,150,,,,,,,,,,,,,,,
7/14/20,Law,Law - Campaign 1,3655,152,3,13.27,42.93,150,,,,,,,,,,,,,,,
7/15/20,Law,Law - Campaign 1,3453,130,4,40.8,36.89,150,,,,,,,,,,,,,,,
7/16/20,Law,Law - Campaign 1,2495,89,4,24.97,24.32,150,,,,,,,,,,,,,,,
7/17/20,Law,Law - Campaign 1,1831,83,1,13.79,22.62,150,,,,,,,,,,,,,,,
7/18/20,Law,Law - Campaign 1,1635,74,3,19.49,17.49,150,,,,,,,,,,,,,,,
7/19/20,Law,Law - Campaign 1,2389,89,5,27.77,19.57,150,,,,,,,,,,,,,,,
7/20/20,Law,Law - Campaign 1,2513,109,4,57.4,25.41,150,,,,,,,,,,,,,,,
7/21/20,Law,Law - Campaign 1,2011,108,3,48.53,24.67,150,,,,,,,,,,,,,,,
7/22/20,Law,Law - Campaign 1,2906,136,6,62.17,37.86,150,,,,,,,,,,,,,,,
7/23/20,Law,Law - Campaign 1,3065,135,7,119.33,39.58,150,,,,,,,,,,,,,,,
7/24/20,Law,Law - Campaign 1,3320,115,6,40.22,31.91,150,,,,,,,,,,,,,,,
7/25/20,Law,Law - Campaign 1,2837,108,6,63.91,35.11,150,,,,,,,,,,,,,,,
7/26/20,Law,Law - Campaign 1,3009,130,5,60.33,36.12,150,,,,,,,,,,,,,,,
7/27/20,Law,Law - Campaign 1,4159,176,7,89.63,53.19,150,,,,,,,,,,,,,,,
7/28/20,Law,Law - Campaign 1,3395,164,8,122,51.63,150,,,,,,,,,,,,,,,
7/29/20,Law,Law - Campaign 1,3463,184,6,28.41,56.11,150,,,,,,,,,,,,,,,
7/30/20,Law,Law - Campaign 1,5048,262,7,124.53,52.97,150,,,,,,,,,,,,,,,
7/31/20,Law,Law - Campaign 1,4350,169,8,98.63,53.67,150,,,,,,,,,,,,,,,
8/1/20,Law,Law - Campaign 1,3216,128,8,134.84,39.74,150,,,,,,,,,,,,,,,
8/2/20,Law,Law - Campaign 1,3945,112,5,78.71,37.98,150,,,,,,,,,,,,,,,
8/3/20,Law,Law - Campaign 1,5632,173,8,137.79,68.2,150,,,,,,,,,,,,,,,
8/4/20,Law,Law - Campaign 1,5766,179,6,75.46,65.74,150,,,,,,,,,,,,,,,
8/5/20,Law,Law - Campaign 1,4723,163,9,98.92,57.17,150,,,,,,,,,,,,,,,
8/6/20,Law,Law - Campaign 1,4090,122,5,76.19,42.03,150,,,,,,,,,,,,,,,
8/7/20,Law,Law - Campaign 1,3828,159,10,110.93,58.1,150,,,,,,,,,,,,,,,
8/8/20,Law,Law - Campaign 1,3775,128,6,50.93,42.68,150,,,,,,,,,,,,,,,
8/9/20,Law,Law - Campaign 1,4539,157,7,67.05,58.02,150,,,,,,,,,,,,,,,
8/10/20,Law,Law - Campaign 1,5813,201,12,140.01,92.94,150,,,,,,,,,,,,,,,
8/11/20,Law,Law - Campaign 1,5672,213,9,121.5,86,150,,,,,,,,,,,,,,,
8/12/20,Law,Law - Campaign 1,4991,221,13,232.6,94.47,150,,,,,,,,,,,,,,,
8/13/20,Law,Law - Campaign 1,5046,198,8,129.06,79.28,150,,,,,,,,,,,,,,,
8/14/20,Law,Law - Campaign 1,5516,199,10,164.15,71.33,150,,,,,,,,,,,,,,,
8/15/20,Law,Law - Campaign 1,3313,121,5,56.75,41.08,150,,,,,,,,,,,,,,,
8/16/20,Law,Law - Campaign 1,4363,157,4,41.51,47.21,150,,,,,,,,,,,,,,,
8/17/20,Law,Law - Campaign 1,4972,203,11,107.41,77.39,150,,,,,,,,,,,,,,,
8/18/20,Law,Law - Campaign 1,5055,199,10,134.85,75.71,150,,,,,,,,,,,,,,,
8/19/20,Law,Law - Campaign 1,4802,184,13,209.06,70.81,150,,,,,,,,,,,,,,,
8/20/20,Law,Law - Campaign 1,5692,202,9,117.31,72.28,150,,,,,,,,,,,,,,,
8/21/20,Law,Law - Campaign 1,5209,175,9,134.72,66.38,150,,,,,,,,,,,,,,,
8/22/20,Law,Law - Campaign 1,5397,174,7,128.74,62.56,150,,,,,,,,,,,,,,,
8/23/20,Law,Law - Campaign 1,4633,148,5,38.87,48.31,150,,,,,,,,,,,,,,,
8/24/20,Law,Law - Campaign 1,6154,245,11,103.24,98.46,150,,,,,,,,,,,,,,,
8/25/20,Law,Law - Campaign 1,7332,262,11,117.82,111.85,150,,,,,,,,,,,,,,,
8/26/20,Law,Law - Campaign 1,6963,240,12,188.36,97.62,150,,,,,,,,,,,,,,,
8/27/20,Law,Law - Campaign 1,6094,211,7,59.47,92.83,150,,,,,,,,,,,,,,,
8/28/20,Law,Law - Campaign 1,5463,193,10,132.7,79.85,150,,,,,,,,,,,,,,,
8/29/20,Law,Law - Campaign 1,4325,140,6,61.79,54.04,150,,,,,,,,,,,,,,,
8/30/20,Law,Law - Campaign 1,27821,579,8,63.45,63.35,150,,,,,,,,,,,,,,,
8/31/20,Law,Law - Campaign 1,27250,494,6,105.93,77.74,150,,,,,,,,,,,,,,,
9/1/20,Law,Law - Campaign 1,5456,223,9,101.02,67.08,150,,,,,,,,,,,,,,,
9/2/20,Law,Law - Campaign 1,3189,144,7,58.52,49.74,150,,,,,,,,,,,,,,,
9/3/20,Law,Law - Campaign 1,3618,169,9,138.05,59.59,150,,,,,,,,,,,,,,,
9/4/20,Law,Law - Campaign 1,3183,140,5,59.28,47.86,150,,,,,,,,,,,,,,,
9/5/20,Law,Law - Campaign 1,2654,120,4,52.94,37.81,150,,,,,,,,,,,,,,,
9/6/20,Law,Law - Campaign 1,2703,104,4,29.94,33.13,150,,,,,,,,,,,,,,,
9/7/20,Law,Law - Campaign 1,3072,131,4,57.07,45.17,150,,,,,,,,,,,,,,,
9/8/20,Law,Law - Campaign 1,3722,171,7,93.4,65.03,150,,,,,,,,,,,,,,,
9/9/20,Law,Law - Campaign 1,3471,154,7,67.85,59.39,150,,,,,,,,,,,,,,,
9/10/20,Law,Law - Campaign 1,2735,129,6,90.12,42.91,150,,,,,,,,,,,,,,,
9/11/20,Law,Law - Campaign 1,1939,106,7,106.34,30.88,150,,,,,,,,,,,,,,,
9/12/20,Law,Law - Campaign 1,1784,93,3,13.81,25.63,150,,,,,,,,,,,,,,,
9/13/20,Law,Law - Campaign 1,1979,100,5,58.48,30.81,150,,,,,,,,,,,,,,,
9/14/20,Law,Law - Campaign 1,2846,137,7,132.76,47.12,150,,,,,,,,,,,,,,,
9/15/20,Law,Law - Campaign 1,2798,149,6,86.23,53.89,150,,,,,,,,,,,,,,,
9/16/20,Law,Law - Campaign 1,2563,132,7,116.94,45.55,150,,,,,,,,,,,,,,,
9/17/20,Law,Law - Campaign 1,2786,136,4,57.25,49.75,150,,,,,,,,,,,,,,,
9/18/20,Law,Law - Campaign 1,2758,103,7,96.69,36.39,150,,,,,,,,,,,,,,,
9/19/20,Law,Law - Campaign 1,2270,74,2,14.62,23.49,150,,,,,,,,,,,,,,,
9/20/20,Law,Law - Campaign 1,2234,77,3,49.26,24.79,150,,,,,,,,,,,,,,,
9/21/20,Law,Law - Campaign 1,2957,117,4,22.44,38.72,150,,,,,,,,,,,,,,,
9/22/20,Law,Law - Campaign 1,2887,108,5,12.45,36.28,150,,,,,,,,,,,,,,,
9/23/20,Law,Law - Campaign 1,3474,131,7,97.91,48.09,150,,,,,,,,,,,,,,,
9/24/20,Law,Law - Campaign 1,3838,131,8,72.6,51.94,150,,,,,,,,,,,,,,,
9/25/20,Law,Law - Campaign 1,3827,131,8,115.02,56.4,150,,,,,,,,,,,,,,,
9/26/20,Law,Law - Campaign 1,3434,123,2,31.36,50.1,150,,,,,,,,,,,,,,,
9/27/20,Law,Law - Campaign 1,2939,102,2,18.24,33.73,150,,,,,,,,,,,,,,,
9/28/20,Law,Law - Campaign 1,12334,305,5,71.21,58.71,150,,,,,,,,,,,,,,,
9/29/20,Law,Law - Campaign 1,20044,692,3,47.76,39.16,150,,,,,,,,,,,,,,,
9/30/20,Law,Law - Campaign 1,8044,133,2,18.16,11.39,150,,,,,,,,,,,,,,,
10/1/20,Law,Law - Campaign 1,1683,30,1,13.95,8.87,150,,,,,,,,,,,,,,,
10/2/20,Law,Law - Campaign 1,992,26,1,3.03,5.48,150,,,,,,,,,,,,,,,
10/3/20,Law,Law - Campaign 1,1060,23,1,5.45,4.38,150,,,,,,,,,,,,,,,
10/4/20,Law,Law - Campaign 1,1013,19,1,2.08,4.59,150,,,,,,,,,,,,,,,
10/5/20,Law,Law - Campaign 1,1621,32,1,12.31,10.38,150,,,,,,,,,,,,,,,
10/6/20,Law,Law - Campaign 1,1575,36,1,4.18,11.43,150,,,,,,,,,,,,,,,
10/7/20,Law,Law - Campaign 1,1467,36,2,4.93,9.98,150,,,,,,,,,,,,,,,
10/8/20,Law,Law - Campaign 1,1404,36,1,23.76,8.07,150,,,,,,,,,,,,,,,
10/9/20,Law,Law - Campaign 1,1553,30,0,0,9.82,150,,,,,,,,,,,,,,,
10/10/20,Law,Law - Campaign 1,1711,32,1,0,7.21,150,,,,,,,,,,,,,,,
10/11/20,Law,Law - Campaign 1,1774,37,2,24.96,9.95,150,,,,,,,,,,,,,,,
10/12/20,Law,Law - Campaign 1,1690,37,1,2.67,9.9,150,,,,,,,,,,,,,,,
10/13/20,Law,Law - Campaign 1,2319,50,2,11.53,14.3,150,,,,,,,,,,,,,,,
10/14/20,Law,Law - Campaign 1,2164,48,3,56.96,12.49,150,,,,,,,,,,,,,,,
10/15/20,Law,Law - Campaign 1,2632,51,3,20.98,18.42,150,,,,,,,,,,,,,,,
10/16/20,Law,Law - Campaign 1,2090,37,2,25.58,10.9,150,,,,,,,,,,,,,,,
10/17/20,Law,Law - Campaign 1,2318,46,3,65.22,15.64,150,,,,,,,,,,,,,,,
10/18/20,Law,Law - Campaign 1,2591,47,2,7.95,16.26,150,,,,,,,,,,,,,,,
10/19/20,Law,Law - Campaign 1,4148,99,5,72,34.43,150,,,,,,,,,,,,,,,
10/20/20,Law,Law - Campaign 1,3678,92,3,39.94,28.67,150,,,,,,,,,,,,,,,
10/21/20,Law,Law - Campaign 1,4811,94,5,61.94,43.76,150,,,,,,,,,,,,,,,
10/22/20,Law,Law - Campaign 1,4794,108,5,72.86,45.31,150,,,,,,,,,,,,,,,
10/23/20,Law,Law - Campaign 1,4045,105,3,37.12,44.39,150,,,,,,,,,,,,,,,
10/24/20,Law,Law - Campaign 1,3015,66,4,46.04,20.53,150,,,,,,,,,,,,,,,
10/25/20,Law,Law - Campaign 1,3075,79,3,29.29,26.42,150,,,,,,,,,,,,,,,
10/26/20,Law,Law - Campaign 1,4351,98,4,47.68,33.45,150,,,,,,,,,,,,,,,
10/27/20,Law,Law - Campaign 1,4272,107,3,30.79,37.97,150,,,,,,,,,,,,,,,
10/28/20,Law,Law - Campaign 1,12259,234,3,72.63,35.93,150,,,,,,,,,,,,,,,
10/29/20,Law,Law - Campaign 1,36034,613,2,32.65,34.59,150,,,,,,,,,,,,,,,
10/30/20,Law,Law - Campaign 1,13222,208,4,77.2,23.35,150,,,,,,,,,,,,,,,
10/31/20,Law,Law - Campaign 1,8750,138,2,27.06,13.66,150,,,,,,,,,,,,,,,
11/1/20,Law,Law - Campaign 1,2751,69,2,14.4,13.15,150,,,,,,,,,,,,,,,
11/2/20,Law,Law - Campaign 1,2512,96,6,84,28.92,150,,,,,,,,,,,,,,,
11/3/20,Law,Law - Campaign 1,1978,91,3,22.46,24.57,150,,,,,,,,,,,,,,,
11/4/20,Law,Law - Campaign 1,2476,83,5,55.45,26.43,150,,,,,,,,,,,,,,,
11/5/20,Law,Law - Campaign 1,2425,102,4,45.83,35.19,150,,,,,,,,,,,,,,,
11/6/20,Law,Law - Campaign 1,2561,112,4,47.02,41.92,150,,,,,,,,,,,,,,,
11/7/20,Law,Law - Campaign 1,4196,157,8,105.13,64.36,150,,,,,,,,,,,,,,,
11/8/20,Law,Law - Campaign 1,6159,199,11,104.73,85.09,150,,,,,,,,,,,,,,,
11/9/20,Law,Law - Campaign 1,7498,238,14,84.56,108.73,150,,,,,,,,,,,,,,,
11/10/20,Law,Law - Campaign 1,6268,237,9,75.25,100.13,150,,,,,,,,,,,,,,,
11/11/20,Law,Law - Campaign 1,4874,196,10,86.5,80.61,150,,,,,,,,,,,,,,,
11/12/20,Law,Law - Campaign 1,4845,194,9,103.42,96.06,150,,,,,,,,,,,,,,,
11/13/20,Law,Law - Campaign 1,3856,168,8,125.05,66.94,150,,,,,,,,,,,,,,,
11/14/20,Law,Law - Campaign 1,3581,166,8,116.52,63.17,150,,,,,,,,,,,,,,,
11/15/20,Law,Law - Campaign 1,4026,191,7,109.19,61.29,150,,,,,,,,,,,,,,,
11/16/20,Law,Law - Campaign 1,4983,199,9,106.67,79.39,150,,,,,,,,,,,,,,,
11/17/20,Law,Law - Campaign 1,6141,212,11,96.02,90.92,150,,,,,,,,,,,,,,,
11/18/20,Law,Law - Campaign 1,5335,191,10,118.59,82.43,150,,,,,,,,,,,,,,,
11/19/20,Law,Law - Campaign 1,5085,167,8,88.82,77.67,150,,,,,,,,,,,,,,,
11/20/20,Law,Law - Campaign 1,8182,188,9,80.67,104.52,150,,,,,,,,,,,,,,,
11/21/20,Law,Law - Campaign 1,7122,173,8,87.85,75.6,150,,,,,,,,,,,,,,,
11/22/20,Law,Law - Campaign 1,7189,163,8,116.28,69.04,150,,,,,,,,,,,,,,,
11/23/20,Law,Law - Campaign 1,9513,230,15,246.04,122.86,150,,,,,,,,,,,,,,,
11/24/20,Law,Law - Campaign 1,6642,148,8,77.93,73.94,150,,,,,,,,,,,,,,,
11/25/20,Law,Law - Campaign 1,4340,107,6,93.52,48.65,150,,,,,,,,,,,,,,,
11/26/20,Law,Law - Campaign 1,2864,71,2,32.57,25.76,150,,,,,,,,,,,,,,,
11/27/20,Law,Law - Campaign 1,7682,142,5,98.54,44.08,150,,,,,,,,,,,,,,,
11/28/20,Law,Law - Campaign 1,11519,189,4,58.92,44.65,150,,,,,,,,,,,,,,,
11/29/20,Law,Law - Campaign 1,10682,197,5,23.66,49.38,150,,,,,,,,,,,,,,,
11/30/20,Law,Law - Campaign 1,24292,475,13,117.28,87.57,150,,,,,,,,,,,,,,,
12/1/20,Law,Law - Campaign 1,5857,185,8,108.03,75.6,150,,,,,,,,,,,,,,,
12/2/20,Law,Law - Campaign 1,3087,124,6,69.52,70.16,150,,,,,,,,,,,,,,,
12/3/20,Law,Law - Campaign 1,2149,118,5,108.57,64.95,150,,,,,,,,,,,,,,,
12/4/20,Law,Law - Campaign 1,2134,121,6,89.18,61.07,150,,,,,,,,,,,,,,,
12/5/20,Law,Law - Campaign 1,1711,101,7,85.7,46.33,150,,,,,,,,,,,,,,,
12/6/20,Law,Law - Campaign 1,1621,99,3,62.2,35.46,150,,,,,,,,,,,,,,,
12/7/20,Law,Law - Campaign 1,1089,83,2,53.88,24.51,150,,,,,,,,,,,,,,,
12/8/20,Law,Law - Campaign 1,932,59,2,19.11,16.28,150,,,,,,,,,,,,,,,
12/9/20,Law,Law - Campaign 1,814,53,2,34.29,15.71,150,,,,,,,,,,,,,,,
12/10/20,Law,Law - Campaign 1,813,51,3,31.54,15.19,150,,,,,,,,,,,,,,,
12/11/20,Law,Law - Campaign 1,1280,62,3,59.35,22.24,150,,,,,,,,,,,,,,,
12/12/20,Law,Law - Campaign 1,2115,86,4,57.63,31.66,150,,,,,,,,,,,,,,,
12/13/20,Law,Law - Campaign 1,3607,103,3,41.57,42.76,150,,,,,,,,,,,,,,,
12/14/20,Law,Law - Campaign 1,3277,78,2,15.5,38.08,150,,,,,,,,,,,,,,,
12/15/20,Law,Law - Campaign 1,2225,62,4,49.55,30.16,150,,,,,,,,,,,,,,,
12/16/20,Law,Law - Campaign 1,1786,55,2,17.57,19.86,150,,,,,,,,,,,,,,,
12/17/20,Law,Law - Campaign 1,1483,50,3,17.06,22.05,150,,,,,,,,,,,,,,,
12/18/20,Law,Law - Campaign 1,1564,51,4,50.29,18.54,150,,,,,,,,,,,,,,,
12/19/20,Law,Law - Campaign 1,1788,67,5,44.41,24.69,150,,,,,,,,,,,,,,,
12/20/20,Law,Law - Campaign 1,1959,70,3,12.76,24.67,150,,,,,,,,,,,,,,,
12/21/20,Law,Law - Campaign 1,2506,85,4,47.99,34.06,150,,,,,,,,,,,,,,,
12/22/20,Law,Law - Campaign 1,2706,87,4,45.41,35.9,150,,,,,,,,,,,,,,,
12/23/20,Law,Law - Campaign 1,2722,84,5,57.55,33.47,150,,,,,,,,,,,,,,,
12/24/20,Law,Law - Campaign 1,1238,36,2,11.49,13.1,150,,,,,,,,,,,,,,,
12/25/20,Law,Law - Campaign 1,954,33,3,37.76,12.44,150,,,,,,,,,,,,,,,
12/26/20,Law,Law - Campaign 1,1807,66,3,54.72,25.33,150,,,,,,,,,,,,,,,
12/27/20,Law,Law - Campaign 1,1881,77,2,9.64,31.69,150,,,,,,,,,,,,,,,
12/28/20,Law,Law - Campaign 1,1792,88,4,35.07,39.6,150,,,,,,,,,,,,,,,
12/29/20,Law,Law - Campaign 1,4911,201,5,62.02,52.09,150,,,,,,,,,,,,,,,
12/30/20,Law,Law - Campaign 1,24062,1251,6,57.71,64.33,150,,,,,,,,,,,,,,,
12/31/20,Law,Law - Campaign 1,16970,546,6,64.92,75.31,150,,,,,,,,,,,,,,,
1/1/20,Law,Law - Campaign 2,75151,658,20,273.43,131.91,1000,,,,,,,,,,,,,,,
1/2/20,Law,Law - Campaign 2,80549,986,34,441.72,215.45,1000,,,,,,,,,,,,,,,
1/3/20,Law,Law - Campaign 2,82575,980,37,466.66,208.83,1000,,,,,,,,,,,,,,,
1/4/20,Law,Law - Campaign 2,66661,783,29,372.56,163.98,1000,,,,,,,,,,,,,,,
1/5/20,Law,Law - Campaign 2,73868,815,25,337.63,155.53,1000,,,,,,,,,,,,,,,
1/6/20,Law,Law - Campaign 2,113013,1415,48,631.57,319.46,1000,,,,,,,,,,,,,,,
1/7/20,Law,Law - Campaign 2,116063,1468,51,655.56,340.32,1000,,,,,,,,,,,,,,,
1/8/20,Law,Law - Campaign 2,104878,1383,41,506.07,321.77,1000,,,,,,,,,,,,,,,
1/9/20,Law,Law - Campaign 2,114826,1351,47,623.78,302.93,1000,,,,,,,,,,,,,,,
1/10/20,Law,Law - Campaign 2,96628,1041,37,501.37,249.31,1000,,,,,,,,,,,,,,,
1/11/20,Law,Law - Campaign 2,91033,853,29,373.59,168.15,1000,,,,,,,,,,,,,,,
1/12/20,Law,Law - Campaign 2,106348,969,30,373.05,202.66,1000,,,,,,,,,,,,,,,
1/13/20,Law,Law - Campaign 2,135432,1585,48,688.36,393.19,1000,,,,,,,,,,,,,,,
1/14/20,Law,Law - Campaign 2,124509,1451,48,624.23,357.36,1000,,,,,,,,,,,,,,,
1/15/20,Law,Law - Campaign 2,138932,1405,44,537.87,339.41,1000,,,,,,,,,,,,,,,
1/16/20,Law,Law - Campaign 2,185333,1644,50,648.7,341.65,1000,,,,,,,,,,,,,,,
1/17/20,Law,Law - Campaign 2,108387,1173,40,536.1,281.09,1000,,,,,,,,,,,,,,,
1/18/20,Law,Law - Campaign 2,101988,1098,33,464.64,290.78,1000,,,,,,,,,,,,,,,
1/19/20,Law,Law - Campaign 2,91735,936,27,367.95,207.9,1000,,,,,,,,,,,,,,,
1/20/20,Law,Law - Campaign 2,97549,1305,47,614.23,314.16,1000,,,,,,,,,,,,,,,
1/21/20,Law,Law - Campaign 2,106702,1486,52,619.69,374.34,1000,,,,,,,,,,,,,,,
1/22/20,Law,Law - Campaign 2,114204,1543,53,661.9,401.23,1000,,,,,,,,,,,,,,,
1/23/20,Law,Law - Campaign 2,120193,1481,53,707.24,377.23,1000,,,,,,,,,,,,,,,
1/24/20,Law,Law - Campaign 2,103315,1285,44,536.06,318.69,1000,,,,,,,,,,,,,,,
1/25/20,Law,Law - Campaign 2,92117,977,29,359.89,209.14,1000,,,,,,,,,,,,,,,
1/26/20,Law,Law - Campaign 2,88425,828,26,377.56,172.83,1000,,,,,,,,,,,,,,,
1/27/20,Law,Law - Campaign 2,114411,1480,50,648.01,367.02,1000,,,,,,,,,,,,,,,
1/28/20,Law,Law - Campaign 2,116220,1583,56,715.88,383.82,1000,,,,,,,,,,,,,,,
1/29/20,Law,Law - Campaign 2,113607,1617,50,646.65,398.93,1000,,,,,,,,,,,,,,,
1/30/20,Law,Law - Campaign 2,107411,1449,47,597.15,357.94,1000,,,,,,,,,,,,,,,
1/31/20,Law,Law - Campaign 2,92079,1290,44,589.56,306.95,1000,,,,,,,,,,,,,,,
2/1/20,Law,Law - Campaign 2,84547,957,31,392.37,223.52,1000,,,,,,,,,,,,,,,
2/2/20,Law,Law - Campaign 2,83694,933,27,308.69,200.54,1000,,,,,,,,,,,,,,,
2/3/20,Law,Law - Campaign 2,115409,1619,55,731.48,418.99,1000,,,,,,,,,,,,,,,
2/4/20,Law,Law - Campaign 2,110133,1524,55,718.91,387.3,1000,,,,,,,,,,,,,,,
2/5/20,Law,Law - Campaign 2,99148,1458,50,691.32,359.07,1000,,,,,,,,,,,,,,,
2/6/20,Law,Law - Campaign 2,93439,1394,52,727.02,331.78,1000,,,,,,,,,,,,,,,
2/7/20,Law,Law - Campaign 2,89344,1245,41,588.84,289.41,1000,,,,,,,,,,,,,,,
2/8/20,Law,Law - Campaign 2,91223,1056,34,464.36,247.7,1000,,,,,,,,,,,,,,,
2/9/20,Law,Law - Campaign 2,97314,1067,30,411.38,243.79,1000,,,,,,,,,,,,,,,
2/10/20,Law,Law - Campaign 2,110800,1644,55,805.89,409.39,1000,,,,,,,,,,,,,,,
2/11/20,Law,Law - Campaign 2,94734,1433,48,654.61,365.61,1000,,,,,,,,,,,,,,,
2/12/20,Law,Law - Campaign 2,89288,1248,40,577.2,296.1,1000,,,,,,,,,,,,,,,
2/13/20,Law,Law - Campaign 2,94583,1231,44,602.54,308.06,1000,,,,,,,,,,,,,,,
2/14/20,Law,Law - Campaign 2,85658,951,32,444.13,211.45,1000,,,,,,,,,,,,,,,
2/15/20,Law,Law - Campaign 2,87391,876,24,344.54,189.48,1000,,,,,,,,,,,,,,,
2/16/20,Law,Law - Campaign 2,91462,932,28,402.01,202.76,1000,,,,,,,,,,,,,,,
2/17/20,Law,Law - Campaign 2,110846,1300,39,487.26,305.76,1000,,,,,,,,,,,,,,,
2/18/20,Law,Law - Campaign 2,101841,1380,45,537.67,354.01,1000,,,,,,,,,,,,,,,
2/19/20,Law,Law - Campaign 2,87246,1268,44,531.31,316.05,1000,,,,,,,,,,,,,,,
2/20/20,Law,Law - Campaign 2,89874,1324,46,592.44,324.88,1000,,,,,,,,,,,,,,,
2/21/20,Law,Law - Campaign 2,90695,1207,44,607.33,326.22,1000,,,,,,,,,,,,,,,
2/22/20,Law,Law - Campaign 2,87100,1085,30,417.65,239.41,1000,,,,,,,,,,,,,,,
2/23/20,Law,Law - Campaign 2,89637,1001,31,402.45,214.67,1000,,,,,,,,,,,,,,,
2/24/20,Law,Law - Campaign 2,121672,1772,57,809.29,458.75,1000,,,,,,,,,,,,,,,
2/25/20,Law,Law - Campaign 2,105068,1621,52,638.38,418.3,1000,,,,,,,,,,,,,,,
2/26/20,Law,Law - Campaign 2,98978,1458,47,591.47,358.83,1000,,,,,,,,,,,,,,,
2/27/20,Law,Law - Campaign 2,97828,1352,47,639.11,327.55,1000,,,,,,,,,,,,,,,
2/28/20,Law,Law - Campaign 2,100122,1256,45,533.45,309.04,1000,,,,,,,,,,,,,,,
2/29/20,Law,Law - Campaign 2,93582,1029,31,339.29,230.6,1000,,,,,,,,,,,,,,,
3/1/20,Law,Law - Campaign 2,111317,1075,33,429.36,248.61,1000,,,,,,,,,,,,,,,
3/2/20,Law,Law - Campaign 2,121925,1635,52,636.87,423.71,1000,,,,,,,,,,,,,,,
3/3/20,Law,Law - Campaign 2,121299,1597,58,757.38,412.23,1000,,,,,,,,,,,,,,,
3/4/20,Law,Law - Campaign 2,99148,1350,48,552.38,340.29,1000,,,,,,,,,,,,,,,
3/5/20,Law,Law - Campaign 2,98473,1283,46,661.92,302.57,1000,,,,,,,,,,,,,,,
3/6/20,Law,Law - Campaign 2,93494,1094,42,526.3,265.54,1000,,,,,,,,,,,,,,,
3/7/20,Law,Law - Campaign 2,91333,981,31,421.19,217.25,1000,,,,,,,,,,,,,,,
3/8/20,Law,Law - Campaign 2,93418,887,23,323.31,187.48,1000,,,,,,,,,,,,,,,
3/9/20,Law,Law - Campaign 2,124878,1399,50,618.24,366.21,1000,,,,,,,,,,,,,,,
3/10/20,Law,Law - Campaign 2,112988,1469,48,595.45,382.75,1000,,,,,,,,,,,,,,,
3/11/20,Law,Law - Campaign 2,112066,1391,45,538.7,370.54,1000,,,,,,,,,,,,,,,
3/12/20,Law,Law - Campaign 2,105786,1204,41,509.22,320.45,1000,,,,,,,,,,,,,,,
3/13/20,Law,Law - Campaign 2,108314,1106,40,457.3,286.07,1000,,,,,,,,,,,,,,,
3/14/20,Law,Law - Campaign 2,100810,847,30,347.69,210.16,1000,,,,,,,,,,,,,,,
3/15/20,Law,Law - Campaign 2,116032,894,32,393.67,211.11,1000,,,,,,,,,,,,,,,
3/16/20,Law,Law - Campaign 2,132734,1420,47,586.32,390.24,1000,,,,,,,,,,,,,,,
3/17/20,Law,Law - Campaign 2,123886,1198,43,599.98,327.19,1000,,,,,,,,,,,,,,,
3/18/20,Law,Law - Campaign 2,116526,1122,39,494.91,304.24,1000,,,,,,,,,,,,,,,
3/19/20,Law,Law - Campaign 2,116215,1147,38,547.62,298.27,1000,,,,,,,,,,,,,,,
3/20/20,Law,Law - Campaign 2,116393,1043,37,521.6,239.05,1000,,,,,,,,,,,,,,,
3/21/20,Law,Law - Campaign 2,126482,831,26,300.4,176.24,1000,,,,,,,,,,,,,,,
3/22/20,Law,Law - Campaign 2,142998,878,21,265.83,179.32,1000,,,,,,,,,,,,,,,
3/23/20,Law,Law - Campaign 2,170225,1351,39,517.53,327.07,1000,,,,,,,,,,,,,,,
3/24/20,Law,Law - Campaign 2,162296,1360,37,513.39,310.74,1000,,,,,,,,,,,,,,,
3/25/20,Law,Law - Campaign 2,161837,1260,44,571.03,280.76,1000,,,,,,,,,,,,,,,
3/26/20,Law,Law - Campaign 2,143532,1220,42,573.61,298.44,1000,,,,,,,,,,,,,,,
3/27/20,Law,Law - Campaign 2,124976,1092,33,423.56,263.44,1000,,,,,,,,,,,,,,,
3/28/20,Law,Law - Campaign 2,147753,1128,33,355.34,252.72,1000,,,,,,,,,,,,,,,
3/29/20,Law,Law - Campaign 2,145784,1059,30,406.54,216.91,1000,,,,,,,,,,,,,,,
3/30/20,Law,Law - Campaign 2,180716,1666,47,618.45,404.83,1000,,,,,,,,,,,,,,,
3/31/20,Law,Law - Campaign 2,181733,1549,55,720.41,409.58,1000,,,,,,,,,,,,,,,
4/1/20,Law,Law - Campaign 2,155295,1193,42,497.66,294.33,1000,,,,,,,,,,,,,,,
4/2/20,Law,Law - Campaign 2,141897,1141,40,412.95,269.77,1000,,,,,,,,,,,,,,,
4/3/20,Law,Law - Campaign 2,123626,1011,35,392.88,227.9,1000,,,,,,,,,,,,,,,
4/4/20,Law,Law - Campaign 2,141272,999,34,415.16,235.94,1000,,,,,,,,,,,,,,,
4/5/20,Law,Law - Campaign 2,148340,920,31,412.01,221.24,1000,,,,,,,,,,,,,,,
4/6/20,Law,Law - Campaign 2,179014,1483,46,616.29,399.83,1000,,,,,,,,,,,,,,,
4/7/20,Law,Law - Campaign 2,154864,1298,52,684.02,363.36,1000,,,,,,,,,,,,,,,
4/8/20,Law,Law - Campaign 2,155146,1339,47,564.39,372.94,1000,,,,,,,,,,,,,,,
4/9/20,Law,Law - Campaign 2,142903,1150,42,515.52,284.65,1000,,,,,,,,,,,,,,,
4/10/20,Law,Law - Campaign 2,152127,1129,39,527.06,290.53,1000,,,,,,,,,,,,,,,
4/11/20,Law,Law - Campaign 2,136127,928,26,326.5,211.33,1000,,,,,,,,,,,,,,,
4/12/20,Law,Law - Campaign 2,139652,903,26,283.51,201.17,1000,,,,,,,,,,,,,,,
4/13/20,Law,Law - Campaign 2,183468,1425,46,601.66,361.3,1000,,,,,,,,,,,,,,,
4/14/20,Law,Law - Campaign 2,169902,1428,46,568.98,344.39,1000,,,,,,,,,,,,,,,
4/15/20,Law,Law - Campaign 2,152712,1347,46,558.38,321.37,1000,,,,,,,,,,,,,,,
4/16/20,Law,Law - Campaign 2,155953,1381,48,572.95,314.54,1000,,,,,,,,,,,,,,,
4/17/20,Law,Law - Campaign 2,170264,1322,54,708.27,307.01,1000,,,,,,,,,,,,,,,
4/18/20,Law,Law - Campaign 2,164346,1130,35,496.18,260.81,1000,,,,,,,,,,,,,,,
4/19/20,Law,Law - Campaign 2,175142,1202,36,489.63,277.68,1000,,,,,,,,,,,,,,,
4/20/20,Law,Law - Campaign 2,212737,1773,67,809.8,494.94,1000,,,,,,,,,,,,,,,
4/21/20,Law,Law - Campaign 2,222852,1814,62,741.12,515.22,1000,,,,,,,,,,,,,,,
4/22/20,Law,Law - Campaign 2,185814,1642,57,720.38,448.14,1000,,,,,,,,,,,,,,,
4/23/20,Law,Law - Campaign 2,167258,1693,65,829.79,455.24,1000,,,,,,,,,,,,,,,
4/24/20,Law,Law - Campaign 2,149248,1383,52,616.86,365.54,1000,,,,,,,,,,,,,,,
4/25/20,Law,Law - Campaign 2,148715,1169,40,466,280.23,1000,,,,,,,,,,,,,,,
4/26/20,Law,Law - Campaign 2,159389,1240,39,492.3,312.84,1000,,,,,,,,,,,,,,,
4/27/20,Law,Law - Campaign 2,193357,1840,67,854.75,557.39,1000,,,,,,,,,,,,,,,
4/28/20,Law,Law - Campaign 2,213119,2119,72,858.95,690.44,1000,,,,,,,,,,,,,,,
4/29/20,Law,Law - Campaign 2,163343,1687,66,800.33,485.4,1000,,,,,,,,,,,,,,,
4/30/20,Law,Law - Campaign 2,156813,1549,58,742.17,399.94,1000,,,,,,,,,,,,,,,
5/1/20,Law,Law - Campaign 2,159057,1478,63,800.55,407.08,1000,,,,,,,,,,,,,,,
5/2/20,Law,Law - Campaign 2,157251,1373,46,600,366.74,1000,,,,,,,,,,,,,,,
5/3/20,Law,Law - Campaign 2,172757,1377,44,500.04,353.95,1000,,,,,,,,,,,,,,,
5/4/20,Law,Law - Campaign 2,224766,2202,72,852.08,638.97,1000,,,,,,,,,,,,,,,
5/5/20,Law,Law - Campaign 2,193983,2115,69,875.99,597.51,1000,,,,,,,,,,,,,,,
5/6/20,Law,Law - Campaign 2,160437,1807,65,757.09,488.02,1000,,,,,,,,,,,,,,,
5/7/20,Law,Law - Campaign 2,170449,1776,61,743.62,480.52,1000,,,,,,,,,,,,,,,
5/8/20,Law,Law - Campaign 2,179282,1692,60,765.63,476.5,1000,,,,,,,,,,,,,,,
5/9/20,Law,Law - Campaign 2,172369,1398,45,499.01,339.8,1000,,,,,,,,,,,,,,,
5/10/20,Law,Law - Campaign 2,158428,1198,36,412.38,277.08,1000,,,,,,,,,,,,,,,
5/11/20,Law,Law - Campaign 2,196421,2023,74,883.74,572.79,1000,,,,,,,,,,,,,,,
5/12/20,Law,Law - Campaign 2,189700,1894,64,750.21,529.03,1000,,,,,,,,,,,,,,,
5/13/20,Law,Law - Campaign 2,188372,1854,66,750.33,498.26,1000,,,,,,,,,,,,,,,
5/14/20,Law,Law - Campaign 2,203637,1826,66,766.38,472.46,1000,,,,,,,,,,,,,,,
5/15/20,Law,Law - Campaign 2,174618,1725,62,745.07,475.68,1000,,,,,,,,,,,,,,,
5/16/20,Law,Law - Campaign 2,166468,1430,46,530.17,382.51,1000,,,,,,,,,,,,,,,
5/17/20,Law,Law - Campaign 2,188495,1405,46,577.95,353.82,1000,,,,,,,,,,,,,,,
5/18/20,Law,Law - Campaign 2,198281,1907,70,773.42,566.75,1000,,,,,,,,,,,,,,,
5/19/20,Law,Law - Campaign 2,174104,1751,75,867.54,505.08,1000,,,,,,,,,,,,,,,
5/20/20,Law,Law - Campaign 2,217975,1784,72,810.34,522.4,1000,,,,,,,,,,,,,,,
5/21/20,Law,Law - Campaign 2,213013,1707,64,722.88,465.28,1000,,,,,,,,,,,,,,,
5/22/20,Law,Law - Campaign 2,193116,1591,64,714.56,442.58,1000,,,,,,,,,,,,,,,
5/23/20,Law,Law - Campaign 2,169380,1248,47,484.86,318.51,1000,,,,,,,,,,,,,,,
5/24/20,Law,Law - Campaign 2,181412,1266,41,455.92,322.83,1000,,,,,,,,,,,,,,,
5/25/20,Law,Law - Campaign 2,206541,1691,53,492.15,474.75,1000,,,,,,,,,,,,,,,
5/26/20,Law,Law - Campaign 2,242686,2448,85,985.94,832.22,1000,,,,,,,,,,,,,,,
5/27/20,Law,Law - Campaign 2,179058,1949,75,909.01,592.05,1000,,,,,,,,,,,,,,,
5/28/20,Law,Law - Campaign 2,160438,1743,67,826.01,503.87,1000,,,,,,,,,,,,,,,
5/29/20,Law,Law - Campaign 2,143537,1501,58,665.26,406.47,1000,,,,,,,,,,,,,,,
5/30/20,Law,Law - Campaign 2,149922,1243,40,485.46,317.8,1000,,,,,,,,,,,,,,,
5/31/20,Law,Law - Campaign 2,161234,1248,40,419.3,305.05,1000,,,,,,,,,,,,,,,
6/1/20,Law,Law - Campaign 2,171960,1615,67,751.36,476.87,1000,,,,,,,,,,,,,,,
6/2/20,Law,Law - Campaign 2,174638,1739,70,879.42,534.3,1000,,,,,,,,,,,,,,,
6/3/20,Law,Law - Campaign 2,156788,1729,68,769.57,510.24,1000,,,,,,,,,,,,,,,
6/4/20,Law,Law - Campaign 2,164654,1824,69,803.42,573.42,1000,,,,,,,,,,,,,,,
6/5/20,Law,Law - Campaign 2,177897,1882,74,898.65,623.86,1000,,,,,,,,,,,,,,,
6/6/20,Law,Law - Campaign 2,146144,1387,46,538.55,381.66,1000,,,,,,,,,,,,,,,
6/7/20,Law,Law - Campaign 2,140898,1268,46,519.06,338.48,1000,,,,,,,,,,,,,,,
6/8/20,Law,Law - Campaign 2,170725,1976,75,924.73,624.46,1000,,,,,,,,,,,,,,,
6/9/20,Law,Law - Campaign 2,181293,2168,83,1006.76,688.02,1000,,,,,,,,,,,,,,,
6/10/20,Law,Law - Campaign 2,167799,1930,77,861.63,572,1000,,,,,,,,,,,,,,,
6/11/20,Law,Law - Campaign 2,158705,1804,71,803.24,536.39,1000,,,,,,,,,,,,,,,
6/12/20,Law,Law - Campaign 2,158428,1648,61,799.54,490.03,1000,,,,,,,,,,,,,,,
6/13/20,Law,Law - Campaign 2,149368,1324,45,574.06,353.89,1000,,,,,,,,,,,,,,,
6/14/20,Law,Law - Campaign 2,155392,1322,45,585.35,346.27,1000,,,,,,,,,,,,,,,
6/15/20,Law,Law - Campaign 2,176998,2102,81,996.74,636.69,1000,,,,,,,,,,,,,,,
6/16/20,Law,Law - Campaign 2,189241,2234,83,878.04,757.96,1000,,,,,,,,,,,,,,,
6/17/20,Law,Law - Campaign 2,164730,1868,79,973.42,575.69,1000,,,,,,,,,,,,,,,
6/18/20,Law,Law - Campaign 2,156146,1667,67,834.32,495.18,1000,,,,,,,,,,,,,,,
6/19/20,Law,Law - Campaign 2,144538,1488,56,664.07,428.74,1000,,,,,,,,,,,,,,,
6/20/20,Law,Law - Campaign 2,136419,1170,41,459.1,305.67,1000,,,,,,,,,,,,,,,
6/21/20,Law,Law - Campaign 2,132842,1109,33,414.42,272.54,1000,,,,,,,,,,,,,,,
6/22/20,Law,Law - Campaign 2,188611,2106,73,887.27,652.77,1000,,,,,,,,,,,,,,,
6/23/20,Law,Law - Campaign 2,193903,2187,84,956.25,729,1000,,,,,,,,,,,,,,,
6/24/20,Law,Law - Campaign 2,159157,1899,72,885.67,584.78,1000,,,,,,,,,,,,,,,
6/25/20,Law,Law - Campaign 2,154696,1806,70,853.19,563.46,1000,,,,,,,,,,,,,,,
6/26/20,Law,Law - Campaign 2,142560,1544,65,738.73,447.77,1000,,,,,,,,,,,,,,,
6/27/20,Law,Law - Campaign 2,130035,1224,48,542.35,326.7,1000,,,,,,,,,,,,,,,
6/28/20,Law,Law - Campaign 2,154939,1410,48,544.53,376.43,1000,,,,,,,,,,,,,,,
6/29/20,Law,Law - Campaign 2,195848,2400,86,1017.59,812.35,1000,,,,,,,,,,,,,,,
6/30/20,Law,Law - Campaign 2,186155,2391,88,1045.86,785.31,1000,,,,,,,,,,,,,,,
7/1/20,Law,Law - Campaign 2,168431,1948,77,955.13,658.71,1000,,,,,,,,,,,,,,,
7/2/20,Law,Law - Campaign 2,144658,1741,70,807.83,586.97,1000,,,,,,,,,,,,,,,
7/3/20,Law,Law - Campaign 2,137011,1484,58,702.92,468.62,1000,,,,,,,,,,,,,,,
7/4/20,Law,Law - Campaign 2,124187,1114,33,372.29,274.95,1000,,,,,,,,,,,,,,,
7/5/20,Law,Law - Campaign 2,126797,1152,36,439.31,293.66,1000,,,,,,,,,,,,,,,
7/6/20,Law,Law - Campaign 2,155754,1872,72,875.43,575.82,1000,,,,,,,,,,,,,,,
7/7/20,Law,Law - Campaign 2,165626,1916,79,989.89,587.73,1000,,,,,,,,,,,,,,,
7/8/20,Law,Law - Campaign 2,154067,1803,71,922.2,533.73,1000,,,,,,,,,,,,,,,
7/9/20,Law,Law - Campaign 2,134970,1685,73,958.9,534.37,1000,,,,,,,,,,,,,,,
7/10/20,Law,Law - Campaign 2,127383,1629,70,801.28,528.59,1000,,,,,,,,,,,,,,,
7/11/20,Law,Law - Campaign 2,115920,1244,49,613.51,357.87,1000,,,,,,,,,,,,,,,
7/12/20,Law,Law - Campaign 2,136334,1378,45,527.32,387.63,1000,,,,,,,,,,,,,,,
7/13/20,Law,Law - Campaign 2,157579,2044,78,880.38,675.7,1000,,,,,,,,,,,,,,,
7/14/20,Law,Law - Campaign 2,151250,1923,80,1016.73,639.07,1000,,,,,,,,,,,,,,,
7/15/20,Law,Law - Campaign 2,151998,1860,71,886.2,619.11,1000,,,,,,,,,,,,,,,
7/16/20,Law,Law - Campaign 2,140783,1832,70,852.03,601.68,1000,,,,,,,,,,,,,,,
7/17/20,Law,Law - Campaign 2,127192,1601,63,789.21,534.38,1000,,,,,,,,,,,,,,,
7/18/20,Law,Law - Campaign 2,117401,1208,41,534.51,359.51,1000,,,,,,,,,,,,,,,
7/19/20,Law,Law - Campaign 2,140472,1339,39,526.23,366.43,1000,,,,,,,,,,,,,,,
7/20/20,Law,Law - Campaign 2,175299,2077,78,916.6,714.59,1000,,,,,,,,,,,,,,,
7/21/20,Law,Law - Campaign 2,167541,2075,80,957.47,690.33,1000,,,,,,,,,,,,,,,
7/22/20,Law,Law - Campaign 2,155439,1936,75,879.83,621.14,1000,,,,,,,,,,,,,,,
7/23/20,Law,Law - Campaign 2,150238,1918,73,841.67,621.42,1000,,,,,,,,,,,,,,,
7/24/20,Law,Law - Campaign 2,120062,1495,57,764.78,489.09,1000,,,,,,,,,,,,,,,
7/25/20,Law,Law - Campaign 2,116271,1234,42,509.09,359.89,1000,,,,,,,,,,,,,,,
7/26/20,Law,Law - Campaign 2,126055,1286,41,487.67,355.88,1000,,,,,,,,,,,,,,,
7/27/20,Law,Law - Campaign 2,170404,2188,77,991.37,752.81,1000,,,,,,,,,,,,,,,
7/28/20,Law,Law - Campaign 2,141316,2011,70,885,651.37,1000,,,,,,,,,,,,,,,
7/29/20,Law,Law - Campaign 2,114466,1841,66,830.59,562.89,1000,,,,,,,,,,,,,,,
7/30/20,Law,Law - Campaign 2,120286,2418,58,708.47,547.03,1000,,,,,,,,,,,,,,,
7/31/20,Law,Law - Campaign 2,116110,1762,51,664.37,486.33,1000,,,,,,,,,,,,,,,
8/1/20,Law,Law - Campaign 2,92739,1171,36,430.16,325.26,1000,,,,,,,,,,,,,,,
8/2/20,Law,Law - Campaign 2,103234,1205,38,445.29,359.02,1000,,,,,,,,,,,,,,,
8/3/20,Law,Law - Campaign 2,121781,1789,64,799.21,596.8,1000,,,,,,,,,,,,,,,
8/4/20,Law,Law - Campaign 2,120603,1843,67,854.54,583.26,1000,,,,,,,,,,,,,,,
8/5/20,Law,Law - Campaign 2,110693,1645,61,782.08,532.83,1000,,,,,,,,,,,,,,,
8/6/20,Law,Law - Campaign 2,101328,1653,64,762.81,534.97,1000,,,,,,,,,,,,,,,
8/7/20,Law,Law - Campaign 2,88650,1405,49,654.07,444.9,1000,,,,,,,,,,,,,,,
8/8/20,Law,Law - Campaign 2,82700,1086,36,483.07,320.32,1000,,,,,,,,,,,,,,,
8/9/20,Law,Law - Campaign 2,88769,1098,31,364.95,313.98,1000,,,,,,,,,,,,,,,
8/10/20,Law,Law - Campaign 2,120027,1859,69,841.99,615.06,1000,,,,,,,,,,,,,,,
8/11/20,Law,Law - Campaign 2,128609,1846,66,794.5,619,1000,,,,,,,,,,,,,,,
8/12/20,Law,Law - Campaign 2,103070,1547,50,540.4,478.53,1000,,,,,,,,,,,,,,,
8/13/20,Law,Law - Campaign 2,108917,1513,56,685.94,437.72,1000,,,,,,,,,,,,,,,
8/14/20,Law,Law - Campaign 2,120805,1527,51,552.85,429.67,1000,,,,,,,,,,,,,,,
8/15/20,Law,Law - Campaign 2,82756,980,34,424.25,287.92,1000,,,,,,,,,,,,,,,
8/16/20,Law,Law - Campaign 2,103683,1188,34,399.49,287.79,1000,,,,,,,,,,,,,,,
8/17/20,Law,Law - Campaign 2,121226,1826,63,749.59,613.61,1000,,,,,,,,,,,,,,,
8/18/20,Law,Law - Campaign 2,111255,1741,60,738.15,580.29,1000,,,,,,,,,,,,,,,
8/19/20,Law,Law - Campaign 2,103497,1599,57,641.94,538.19,1000,,,,,,,,,,,,,,,
8/20/20,Law,Law - Campaign 2,98914,1509,43,553.69,481.72,1000,,,,,,,,,,,,,,,
8/21/20,Law,Law - Campaign 2,97601,1400,47,603.28,457.62,1000,,,,,,,,,,,,,,,
8/22/20,Law,Law - Campaign 2,91724,1148,35,395.26,334.44,1000,,,,,,,,,,,,,,,
8/23/20,Law,Law - Campaign 2,87376,1038,33,454.13,269.69,1000,,,,,,,,,,,,,,,
8/24/20,Law,Law - Campaign 2,117937,1652,57,745.76,504.54,1000,,,,,,,,,,,,,,,
8/25/20,Law,Law - Campaign 2,124320,1558,55,681.18,482.15,1000,,,,,,,,,,,,,,,
8/26/20,Law,Law - Campaign 2,92780,1205,46,522.64,352.38,1000,,,,,,,,,,,,,,,
8/27/20,Law,Law - Campaign 2,103625,1474,58,719.53,439.17,1000,,,,,,,,,,,,,,,
8/28/20,Law,Law - Campaign 2,92490,1222,50,602.3,350.15,1000,,,,,,,,,,,,,,,
8/29/20,Law,Law - Campaign 2,88366,986,36,412.21,267.96,1000,,,,,,,,,,,,,,,
8/30/20,Law,Law - Campaign 2,86953,1067,31,390.55,325.65,1000,,,,,,,,,,,,,,,
8/31/20,Law,Law - Campaign 2,120481,1764,70,791.07,602.26,1000,,,,,,,,,,,,,,,
9/1/20,Law,Law - Campaign 2,131300,1930,60,748.98,542.92,1000,,,,,,,,,,,,,,,
9/2/20,Law,Law - Campaign 2,108410,1497,65,794.48,496.26,1000,,,,,,,,,,,,,,,
9/3/20,Law,Law - Campaign 2,104909,1490,58,643.95,498.41,1000,,,,,,,,,,,,,,,
9/4/20,Law,Law - Campaign 2,97489,1316,52,659.72,423.14,1000,,,,,,,,,,,,,,,
9/5/20,Law,Law - Campaign 2,80744,987,36,422.06,293.19,1000,,,,,,,,,,,,,,,
9/6/20,Law,Law - Campaign 2,81102,957,32,388.06,284.87,1000,,,,,,,,,,,,,,,
9/7/20,Law,Law - Campaign 2,101732,1172,40,435.93,358.83,1000,,,,,,,,,,,,,,,
9/8/20,Law,Law - Campaign 2,119137,1731,63,760.6,648.97,1000,,,,,,,,,,,,,,,
9/9/20,Law,Law - Campaign 2,117367,1717,66,769.15,658.61,1000,,,,,,,,,,,,,,,
9/10/20,Law,Law - Campaign 2,112096,1658,64,719.88,630.09,1000,,,,,,,,,,,,,,,
9/11/20,Law,Law - Campaign 2,92695,1361,53,669.66,486.12,1000,,,,,,,,,,,,,,,
9/12/20,Law,Law - Campaign 2,81421,1038,41,542.19,346.37,1000,,,,,,,,,,,,,,,
9/13/20,Law,Law - Campaign 2,80143,998,35,420.52,324.19,1000,,,,,,,,,,,,,,,
9/14/20,Law,Law - Campaign 2,109603,1637,67,782.24,591.88,1000,,,,,,,,,,,,,,,
9/15/20,Law,Law - Campaign 2,117915,1663,69,799.77,648.11,1000,,,,,,,,,,,,,,,
9/16/20,Law,Law - Campaign 2,107467,1561,62,743.06,582.45,1000,,,,,,,,,,,,,,,
9/17/20,Law,Law - Campaign 2,111342,1548,67,819.75,570.25,1000,,,,,,,,,,,,,,,
9/18/20,Law,Law - Campaign 2,97706,1401,57,674.31,508.61,1000,,,,,,,,,,,,,,,
9/19/20,Law,Law - Campaign 2,98829,1065,38,472.38,345.51,1000,,,,,,,,,,,,,,,
9/20/20,Law,Law - Campaign 2,109111,1034,36,396.74,333.21,1000,,,,,,,,,,,,,,,
9/21/20,Law,Law - Campaign 2,128054,1660,69,925.56,618.28,1000,,,,,,,,,,,,,,,
9/22/20,Law,Law - Campaign 2,136594,1707,67,920.55,626.72,1000,,,,,,,,,,,,,,,
9/23/20,Law,Law - Campaign 2,131906,1671,66,802.09,610.91,1000,,,,,,,,,,,,,,,
9/24/20,Law,Law - Campaign 2,119007,1523,60,775.4,538.06,1000,,,,,,,,,,,,,,,
9/25/20,Law,Law - Campaign 2,99465,1364,51,634.98,470.6,1000,,,,,,,,,,,,,,,
9/26/20,Law,Law - Campaign 2,91243,1000,36,397.64,326.9,1000,,,,,,,,,,,,,,,
9/27/20,Law,Law - Campaign 2,100482,1121,39,446.76,383.27,1000,,,,,,,,,,,,,,,
9/28/20,Law,Law - Campaign 2,125799,1798,71,842.79,693.29,1000,,,,,,,,,,,,,,,
9/29/20,Law,Law - Campaign 2,120682,2356,67,814.24,656.84,1000,,,,,,,,,,,,,,,
9/30/20,Law,Law - Campaign 2,123337,1916,68,831.84,625.61,1000,,,,,,,,,,,,,,,
10/1/20,Law,Law - Campaign 2,119854,1537,65,802.05,559.13,1000,,,,,,,,,,,,,,,
10/2/20,Law,Law - Campaign 2,94369,1263,55,649.97,449.52,1000,,,,,,,,,,,,,,,
10/3/20,Law,Law - Campaign 2,96209,1057,39,453.55,351.62,1000,,,,,,,,,,,,,,,
10/4/20,Law,Law - Campaign 2,97618,1014,36,411.92,326.41,1000,,,,,,,,,,,,,,,
10/5/20,Law,Law - Campaign 2,131029,1783,72,856.69,687.62,1000,,,,,,,,,,,,,,,
10/6/20,Law,Law - Campaign 2,132304,1827,71,867.82,711.57,1000,,,,,,,,,,,,,,,
10/7/20,Law,Law - Campaign 2,119569,1630,62,767.07,604.02,1000,,,,,,,,,,,,,,,
10/8/20,Law,Law - Campaign 2,103756,1409,59,705.24,524.93,1000,,,,,,,,,,,,,,,
10/9/20,Law,Law - Campaign 2,96283,1233,52,628,445.18,1000,,,,,,,,,,,,,,,
10/10/20,Law,Law - Campaign 2,103314,1076,41,478,369.79,1000,,,,,,,,,,,,,,,
10/11/20,Law,Law - Campaign 2,109724,1097,38,413.04,366.05,1000,,,,,,,,,,,,,,,
10/12/20,Law,Law - Campaign 2,130610,1537,60,729.33,613.1,1000,,,,,,,,,,,,,,,
10/13/20,Law,Law - Campaign 2,154761,1812,69,852.47,728.7,1000,,,,,,,,,,,,,,,
10/14/20,Law,Law - Campaign 2,134840,1488,63,728.04,570.51,1000,,,,,,,,,,,,,,,
10/15/20,Law,Law - Campaign 2,119043,1381,59,677.02,491.58,1000,,,,,,,,,,,,,,,
10/16/20,Law,Law - Campaign 2,115050,1287,56,617.42,468.1,1000,,,,,,,,,,,,,,,
10/17/20,Law,Law - Campaign 2,107704,965,37,380.78,330.36,1000,,,,,,,,,,,,,,,
10/18/20,Law,Law - Campaign 2,114331,1044,39,457.05,336.74,1000,,,,,,,,,,,,,,,
10/19/20,Law,Law - Campaign 2,136128,1630,65,734,634.57,1000,,,,,,,,,,,,,,,
10/20/20,Law,Law - Campaign 2,129092,1522,61,652.06,574.33,1000,,,,,,,,,,,,,,,
10/21/20,Law,Law - Campaign 2,134954,1610,61,694.06,602.24,1000,,,,,,,,,,,,,,,
10/22/20,Law,Law - Campaign 2,121432,1476,62,834.14,570.69,1000,,,,,,,,,,,,,,,
10/23/20,Law,Law - Campaign 2,105053,1313,53,673.88,503.61,1000,,,,,,,,,,,,,,,
10/24/20,Law,Law - Campaign 2,97922,909,35,433.96,311.47,1000,,,,,,,,,,,,,,,
10/25/20,Law,Law - Campaign 2,114192,1029,36,420.71,352.58,1000,,,,,,,,,,,,,,,
10/26/20,Law,Law - Campaign 2,149100,1761,64,760.32,675.55,1000,,,,,,,,,,,,,,,
10/27/20,Law,Law - Campaign 2,126268,1466,56,696.21,533.03,1000,,,,,,,,,,,,,,,
10/28/20,Law,Law - Campaign 2,131243,1675,58,668.37,663.07,1000,,,,,,,,,,,,,,,
10/29/20,Law,Law - Campaign 2,104506,1424,53,687.35,492.41,1000,,,,,,,,,,,,,,,
10/30/20,Law,Law - Campaign 2,95247,1276,46,544.8,415.65,1000,,,,,,,,,,,,,,,
10/31/20,Law,Law - Campaign 2,90159,941,30,346.94,249.34,1000,,,,,,,,,,,,,,,
11/1/20,Law,Law - Campaign 2,113432,999,31,363.6,282.85,1000,,,,,,,,,,,,,,,
11/2/20,Law,Law - Campaign 2,118171,1339,48,568,458.08,1000,,,,,,,,,,,,,,,
11/3/20,Law,Law - Campaign 2,108464,1142,42,534.54,394.43,1000,,,,,,,,,,,,,,,
11/4/20,Law,Law - Campaign 2,102921,1105,44,634.55,390.57,1000,,,,,,,,,,,,,,,
11/5/20,Law,Law - Campaign 2,111273,1309,49,676.17,481.81,1000,,,,,,,,,,,,,,,
11/6/20,Law,Law - Campaign 2,92955,1046,42,524.98,378.08,1000,,,,,,,,,,,,,,,
11/7/20,Law,Law - Campaign 2,86934,704,24,242.87,228.64,1000,,,,,,,,,,,,,,,
11/8/20,Law,Law - Campaign 2,96477,820,25,328.27,243.91,1000,,,,,,,,,,,,,,,
11/9/20,Law,Law - Campaign 2,115121,1355,48,659.44,510.27,1000,,,,,,,,,,,,,,,
11/10/20,Law,Law - Campaign 2,104852,1175,47,637.75,432.87,1000,,,,,,,,,,,,,,,
11/11/20,Law,Law - Campaign 2,109278,1251,45,602.5,463.39,1000,,,,,,,,,,,,,,,
11/12/20,Law,Law - Campaign 2,100555,1244,45,550.58,455.94,1000,,,,,,,,,,,,,,,
11/13/20,Law,Law - Campaign 2,92651,1079,38,415.95,394.06,1000,,,,,,,,,,,,,,,
11/14/20,Law,Law - Campaign 2,75102,704,26,320.48,227.83,1000,,,,,,,,,,,,,,,
11/15/20,Law,Law - Campaign 2,81822,714,25,256.81,238.71,1000,,,,,,,,,,,,,,,
11/16/20,Law,Law - Campaign 2,98585,1201,45,560.33,441.61,1000,,,,,,,,,,,,,,,
11/17/20,Law,Law - Campaign 2,98280,1216,40,556.98,423.08,1000,,,,,,,,,,,,,,,
11/18/20,Law,Law - Campaign 2,110778,1378,49,645.41,501.57,1000,,,,,,,,,,,,,,,
11/19/20,Law,Law - Campaign 2,95731,1262,46,582.18,460.33,1000,,,,,,,,,,,,,,,
11/20/20,Law,Law - Campaign 2,77446,1005,35,552.33,344.48,1000,,,,,,,,,,,,,,,
11/21/20,Law,Law - Campaign 2,75565,783,24,327.15,245.4,1000,,,,,,,,,,,,,,,
11/22/20,Law,Law - Campaign 2,76711,850,25,280.72,270.96,1000,,,,,,,,,,,,,,,
11/23/20,Law,Law - Campaign 2,89497,1274,36,461.96,438.14,1000,,,,,,,,,,,,,,,
11/24/20,Law,Law - Campaign 2,97907,1379,41,596.07,518.06,1000,,,,,,,,,,,,,,,
11/25/20,Law,Law - Campaign 2,77686,1084,35,480.48,378.35,1000,,,,,,,,,,,,,,,
11/26/20,Law,Law - Campaign 2,61394,737,23,311.43,217.24,1000,,,,,,,,,,,,,,,
11/27/20,Law,Law - Campaign 2,67760,875,28,422.46,285.92,1000,,,,,,,,,,,,,,,
11/28/20,Law,Law - Campaign 2,62323,744,23,341.08,246.35,1000,,,,,,,,,,,,,,,
11/29/20,Law,Law - Campaign 2,80289,979,27,434.34,315.62,1000,,,,,,,,,,,,,,,
11/30/20,Law,Law - Campaign 2,92367,1467,47,776.72,576.43,1000,,,,,,,,,,,,,,,
12/1/20,Law,Law - Campaign 2,76693,1333,41,575.97,444.4,1000,,,,,,,,,,,,,,,
12/2/20,Law,Law - Campaign 2,71286,1273,45,643.48,475.84,1000,,,,,,,,,,,,,,,
12/3/20,Law,Law - Campaign 2,58557,1140,42,563.43,402.05,1000,,,,,,,,,,,,,,,
12/4/20,Law,Law - Campaign 2,54979,1046,36,460.82,376.93,1000,,,,,,,,,,,,,,,
12/5/20,Law,Law - Campaign 2,54384,808,24,286.3,278.67,1000,,,,,,,,,,,,,,,
12/6/20,Law,Law - Campaign 2,68940,980,31,355.8,343.54,1000,,,,,,,,,,,,,,,
12/7/20,Law,Law - Campaign 2,99976,1803,57,716.12,759.49,1000,,,,,,,,,,,,,,,
12/8/20,Law,Law - Campaign 2,92303,1721,54,704.89,711.72,1000,,,,,,,,,,,,,,,
12/9/20,Law,Law - Campaign 2,82624,1535,49,575.71,619.29,1000,,,,,,,,,,,,,,,
12/10/20,Law,Law - Campaign 2,73480,1374,47,581.46,523.81,1000,,,,,,,,,,,,,,,
12/11/20,Law,Law - Campaign 2,73186,1260,43,616.65,501.76,1000,,,,,,,,,,,,,,,
12/12/20,Law,Law - Campaign 2,61184,834,25,309.37,292.34,1000,,,,,,,,,,,,,,,
12/13/20,Law,Law - Campaign 2,56537,801,25,304.43,243.24,1000,,,,,,,,,,,,,,,
12/14/20,Law,Law - Campaign 2,70322,1311,45,619.5,491.92,1000,,,,,,,,,,,,,,,
12/15/20,Law,Law - Campaign 2,67892,1288,41,596.45,489.84,1000,,,,,,,,,,,,,,,
12/16/20,Law,Law - Campaign 2,79891,1391,44,605.43,541.14,1000,,,,,,,,,,,,,,,
12/17/20,Law,Law - Campaign 2,79791,1356,46,614.94,505.95,1000,,,,,,,,,,,,,,,
12/18/20,Law,Law - Campaign 2,76755,1256,39,498.71,465.46,1000,,,,,,,,,,,,,,,
12/19/20,Law,Law - Campaign 2,67381,887,23,281.59,291.31,1000,,,,,,,,,,,,,,,
12/20/20,Law,Law - Campaign 2,73877,903,25,333.24,297.33,1000,,,,,,,,,,,,,,,
12/21/20,Law,Law - Campaign 2,86145,1331,44,611.01,500.94,1000,,,,,,,,,,,,,,,
12/22/20,Law,Law - Campaign 2,85097,1292,39,508.59,510.1,1000,,,,,,,,,,,,,,,
12/23/20,Law,Law - Campaign 2,70363,1034,30,356.45,393.53,1000,,,,,,,,,,,,,,,
12/24/20,Law,Law - Campaign 2,49222,570,18,242.51,206.9,1000,,,,,,,,,,,,,,,
12/25/20,Law,Law - Campaign 2,33144,309,8,101.24,100.56,1000,,,,,,,,,,,,,,,
12/26/20,Law,Law - Campaign 2,55967,590,17,227.28,186.67,1000,,,,,,,,,,,,,,,
12/27/20,Law,Law - Campaign 2,56709,667,21,300.36,209.31,1000,,,,,,,,,,,,,,,
12/28/20,Law,Law - Campaign 2,67172,1125,41,577.93,407.4,1000,,,,,,,,,,,,,,,
12/29/20,Law,Law - Campaign 2,88418,1574,40,552.98,476.91,1000,,,,,,,,,,,,,,,
12/30/20,Law,Law - Campaign 2,75171,1476,35,498.29,375.67,1000,,,,,,,,,,,,,,,
12/31/20,Law,Law - Campaign 2,67009,1209,28,395.08,261.69,1000,,,,,,,,,,,,,,,
1/1/20,HI,HI - Campaign 1,30122,440,6,82.76,58.34,75,,,,,,,,,,,,,,,
1/1/20,HI,HI - Campaign 2,3914,114,1,23.24,15.66,150,,,,,,,,,,,,,,,
1/2/20,HI,HI - Campaign 1,30249,444,7,101.98,61.91,75,,,,,,,,,,,,,,,
1/2/20,HI,HI - Campaign 2,3530,111,1,29.02,16.09,150,,,,,,,,,,,,,,,
1/3/20,HI,HI - Campaign 1,27320,394,6,90.12,52.83,75,,,,,,,,,,,,,,,
1/3/20,HI,HI - Campaign 2,3452,100,2,24.88,14.17,150,,,,,,,,,,,,,,,
1/4/20,HI,HI - Campaign 1,25985,445,7,81.42,60.4,75,,,,,,,,,,,,,,,
1/4/20,HI,HI - Campaign 2,4354,122,2,25.58,17.6,150,,,,,,,,,,,,,,,
1/5/20,HI,HI - Campaign 1,26595,426,6,87.64,54.53,75,,,,,,,,,,,,,,,
1/5/20,HI,HI - Campaign 2,3741,110,2,24.36,14.47,150,,,,,,,,,,,,,,,
1/6/20,HI,HI - Campaign 1,26764,450,6,100.54,65.14,75,,,,,,,,,,,,,,,
1/6/20,HI,HI - Campaign 2,4913,126,1,31.46,18.86,150,,,,,,,,,,,,,,,
1/7/20,HI,HI - Campaign 1,23481,399,5,72.5,53.87,75,,,,,,,,,,,,,,,
1/7/20,HI,HI - Campaign 2,4104,114,2,25.86,16.14,150,,,,,,,,,,,,,,,
1/8/20,HI,HI - Campaign 1,18427,358,4,53.81,48.4,75,,,,,,,,,,,,,,,
1/8/20,HI,HI - Campaign 2,4128,112,2,24.86,15.99,150,,,,,,,,,,,,,,,
1/9/20,HI,HI - Campaign 1,19439,323,5,68.04,44.95,75,,,,,,,,,,,,,,,
1/9/20,HI,HI - Campaign 2,4193,109,2,23.56,15.55,150,,,,,,,,,,,,,,,
1/10/20,HI,HI - Campaign 1,15923,275,4,62.48,36.57,75,,,,,,,,,,,,,,,
1/10/20,HI,HI - Campaign 2,4160,106,1,22.65,15.02,150,,,,,,,,,,,,,,,
1/11/20,HI,HI - Campaign 1,21523,375,6,90.59,44.88,75,,,,,,,,,,,,,,,
1/11/20,HI,HI - Campaign 2,4192,103,1,22.91,14.38,150,,,,,,,,,,,,,,,
1/12/20,HI,HI - Campaign 1,23798,420,6,94.12,49.3,75,,,,,,,,,,,,,,,
1/12/20,HI,HI - Campaign 2,4424,105,1,23.27,14.41,150,,,,,,,,,,,,,,,
1/13/20,HI,HI - Campaign 1,26375,436,6,100.94,60.7,75,,,,,,,,,,,,,,,
1/13/20,HI,HI - Campaign 2,4427,104,2,23.22,14.19,150,,,,,,,,,,,,,,,
1/14/20,HI,HI - Campaign 1,21543,364,6,73,47.56,75,,,,,,,,,,,,,,,
1/14/20,HI,HI - Campaign 2,4223,100,1,23.29,13.66,150,,,,,,,,,,,,,,,
1/15/20,HI,HI - Campaign 1,22119,393,6,107.39,54.62,75,,,,,,,,,,,,,,,
1/15/20,HI,HI - Campaign 2,4244,101,2,25.78,13.92,150,,,,,,,,,,,,,,,
1/16/20,HI,HI - Campaign 1,22865,420,6,98.78,59.01,75,,,,,,,,,,,,,,,
1/16/20,HI,HI - Campaign 2,4367,106,2,27.53,14.62,150,,,,,,,,,,,,,,,
1/17/20,HI,HI - Campaign 1,21837,394,6,85.64,52.42,75,,,,,,,,,,,,,,,
1/17/20,HI,HI - Campaign 2,4541,112,2,28.51,15.36,150,,,,,,,,,,,,,,,
1/18/20,HI,HI - Campaign 1,26372,524,6,99.57,75,75,,,,,,,,,,,,,,,
1/18/20,HI,HI - Campaign 2,5181,127,2,30.65,18.06,150,,,,,,,,,,,,,,,
1/19/20,HI,HI - Campaign 1,21792,441,6,78.42,53.76,75,,,,,,,,,,,,,,,
1/19/20,HI,HI - Campaign 2,5102,128,2,30.32,18.28,150,,,,,,,,,,,,,,,
1/20/20,HI,HI - Campaign 1,22612,450,6,75.81,62.48,75,,,,,,,,,,,,,,,
1/20/20,HI,HI - Campaign 2,5043,130,2,28.77,18.45,150,,,,,,,,,,,,,,,
1/21/20,HI,HI - Campaign 1,19261,363,6,81.02,47.9,75,,,,,,,,,,,,,,,
1/21/20,HI,HI - Campaign 2,5128,132,2,29.2,18.69,150,,,,,,,,,,,,,,,
1/22/20,HI,HI - Campaign 1,19544,391,6,85,53.67,75,,,,,,,,,,,,,,,
1/22/20,HI,HI - Campaign 2,5178,132,2,27.82,18.68,150,,,,,,,,,,,,,,,
1/23/20,HI,HI - Campaign 1,20393,380,6,61.23,52.11,75,,,,,,,,,,,,,,,
1/23/20,HI,HI - Campaign 2,5153,131,2,25.9,18.38,150,,,,,,,,,,,,,,,
1/24/20,HI,HI - Campaign 1,19826,367,5,84.01,50.57,75,,,,,,,,,,,,,,,
1/24/20,HI,HI - Campaign 2,5160,130,2,26.13,18.36,150,,,,,,,,,,,,,,,
1/25/20,HI,HI - Campaign 1,20268,390,5,80.82,48.98,75,,,,,,,,,,,,,,,
1/25/20,HI,HI - Campaign 2,4557,116,2,23.81,15.93,150,,,,,,,,,,,,,,,
1/26/20,HI,HI - Campaign 1,20178,362,6,80.78,43.06,75,,,,,,,,,,,,,,,
1/26/20,HI,HI - Campaign 2,4508,113,2,23.33,15.46,150,,,,,,,,,,,,,,,
1/27/20,HI,HI - Campaign 1,22734,373,6,78.96,49.2,75,,,,,,,,,,,,,,,
1/27/20,HI,HI - Campaign 2,4571,111,2,23.74,14.93,150,,,,,,,,,,,,,,,
1/28/20,HI,HI - Campaign 1,21760,345,5,83.06,45.95,75,,,,,,,,,,,,,,,
1/28/20,HI,HI - Campaign 2,4724,111,2,23.59,14.92,150,,,,,,,,,,,,,,,
1/29/20,HI,HI - Campaign 1,22710,367,5,75.7,47.91,75,,,,,,,,,,,,,,,
1/29/20,HI,HI - Campaign 2,4754,110,2,23.06,14.6,150,,,,,,,,,,,,,,,
1/30/20,HI,HI - Campaign 1,20281,320,4,58.37,40.11,75,,,,,,,,,,,,,,,
1/30/20,HI,HI - Campaign 2,4702,107,2,23.04,14.03,150,,,,,,,,,,,,,,,
1/31/20,HI,HI - Campaign 1,19299,307,4,65.08,39.07,75,,,,,,,,,,,,,,,
1/31/20,HI,HI - Campaign 2,4678,104,2,22.18,13.53,150,,,,,,,,,,,,,,,
2/1/20,HI,HI - Campaign 1,24379,376,5,80.99,45.53,75,,,,,,,,,,,,,,,
2/1/20,HI,HI - Campaign 2,4712,103,2,22.15,13.31,150,,,,,,,,,,,,,,,
2/2/20,HI,HI - Campaign 1,23369,366,5,68.76,44.55,75,,,,,,,,,,,,,,,
2/2/20,HI,HI - Campaign 2,4801,103,1,22.01,13.38,150,,,,,,,,,,,,,,,
2/3/20,HI,HI - Campaign 1,27547,397,6,87.72,55.48,75,,,,,,,,,,,,,,,
2/3/20,HI,HI - Campaign 2,4913,104,1,22.33,13.63,150,,,,,,,,,,,,,,,
2/4/20,HI,HI - Campaign 1,25955,360,5,75.12,49.92,75,,,,,,,,,,,,,,,
2/4/20,HI,HI - Campaign 2,5033,104,1,21.75,13.78,150,,,,,,,,,,,,,,,
2/5/20,HI,HI - Campaign 1,24524,353,5,66.81,46.1,75,,,,,,,,,,,,,,,
2/5/20,HI,HI - Campaign 2,5167,104,1,21.74,13.75,150,,,,,,,,,,,,,,,
2/6/20,HI,HI - Campaign 1,25818,364,6,86.66,46.73,75,,,,,,,,,,,,,,,
2/6/20,HI,HI - Campaign 2,5251,105,1,22.69,13.95,150,,,,,,,,,,,,,,,
2/7/20,HI,HI - Campaign 1,26910,372,5,74.98,47.79,75,,,,,,,,,,,,,,,
2/7/20,HI,HI - Campaign 2,5294,107,1,23.14,14.13,150,,,,,,,,,,,,,,,
2/8/20,HI,HI - Campaign 1,34094,490,6,91.76,64.06,75,,,,,,,,,,,,,,,
2/8/20,HI,HI - Campaign 2,5636,111,1,23.6,14.91,150,,,,,,,,,,,,,,,
2/9/20,HI,HI - Campaign 1,33622,495,6,89.39,64.88,75,,,,,,,,,,,,,,,
2/9/20,HI,HI - Campaign 2,5919,117,2,24.37,15.72,150,,,,,,,,,,,,,,,
2/10/20,HI,HI - Campaign 1,32061,461,7,114.59,65.05,75,,,,,,,,,,,,,,,
2/10/20,HI,HI - Campaign 2,6023,120,2,25.81,16.07,150,,,,,,,,,,,,,,,
2/11/20,HI,HI - Campaign 1,23361,363,6,73.77,48.77,75,,,,,,,,,,,,,,,
2/11/20,HI,HI - Campaign 2,5924,120,2,25.86,15.95,150,,,,,,,,,,,,,,,
2/12/20,HI,HI - Campaign 1,21637,347,6,76.59,45.51,75,,,,,,,,,,,,,,,
2/12/20,HI,HI - Campaign 2,5816,119,2,26.32,15.89,150,,,,,,,,,,,,,,,
2/13/20,HI,HI - Campaign 1,20221,330,5,65.65,45.76,75,,,,,,,,,,,,,,,
2/13/20,HI,HI - Campaign 2,5765,118,1,25.61,15.88,150,,,,,,,,,,,,,,,
2/14/20,HI,HI - Campaign 1,18818,289,5,73.24,37.11,75,,,,,,,,,,,,,,,
2/14/20,HI,HI - Campaign 2,5913,117,1,25.43,15.69,150,,,,,,,,,,,,,,,
2/15/20,HI,HI - Campaign 1,25012,369,5,78.08,45.03,75,,,,,,,,,,,,,,,
2/15/20,HI,HI - Campaign 2,5883,113,1,24.81,14.98,150,,,,,,,,,,,,,,,
2/16/20,HI,HI - Campaign 1,30435,403,6,91.1,48.61,75,,,,,,,,,,,,,,,
2/16/20,HI,HI - Campaign 2,6136,111,1,25,14.45,150,,,,,,,,,,,,,,,
2/17/20,HI,HI - Campaign 1,32977,427,6,95.08,58.28,75,,,,,,,,,,,,,,,
2/17/20,HI,HI - Campaign 2,6559,111,1,24.36,14.42,150,,,,,,,,,,,,,,,
2/18/20,HI,HI - Campaign 1,22876,310,5,72.56,40.89,75,,,,,,,,,,,,,,,
2/18/20,HI,HI - Campaign 2,6713,110,1,24.39,14.26,150,,,,,,,,,,,,,,,
2/19/20,HI,HI - Campaign 1,25068,308,6,54.75,39.29,75,,,,,,,,,,,,,,,
2/19/20,HI,HI - Campaign 2,6740,108,1,23.51,14,150,,,,,,,,,,,,,,,
2/20/20,HI,HI - Campaign 1,23366,302,3,57.05,38.48,75,,,,,,,,,,,,,,,
2/20/20,HI,HI - Campaign 2,6834,107,1,22.73,13.76,150,,,,,,,,,,,,,,,
2/21/20,HI,HI - Campaign 1,24197,324,4,62.89,44.67,75,,,,,,,,,,,,,,,
2/21/20,HI,HI - Campaign 2,6789,107,1,22.36,13.96,150,,,,,,,,,,,,,,,
2/22/20,HI,HI - Campaign 1,26595,390,6,63.36,50.44,75,,,,,,,,,,,,,,,
2/22/20,HI,HI - Campaign 2,6697,107,1,21.74,14.19,150,,,,,,,,,,,,,,,
2/23/20,HI,HI - Campaign 1,24022,371,4,42,44.89,75,,,,,,,,,,,,,,,
2/23/20,HI,HI - Campaign 2,6293,105,1,19.9,14.01,150,,,,,,,,,,,,,,,
2/24/20,HI,HI - Campaign 1,20720,342,6,85.12,47.16,75,,,,,,,,,,,,,,,
2/24/20,HI,HI - Campaign 2,5697,101,1,18.9,13.45,150,,,,,,,,,,,,,,,
2/25/20,HI,HI - Campaign 1,18291,297,3,47.82,39.85,75,,,,,,,,,,,,,,,
2/25/20,HI,HI - Campaign 2,5405,99,1,17.86,13.32,150,,,,,,,,,,,,,,,
2/26/20,HI,HI - Campaign 1,18675,304,4,54.31,40.58,75,,,,,,,,,,,,,,,
2/26/20,HI,HI - Campaign 2,5198,97,1,17.21,13.28,150,,,,,,,,,,,,,,,
2/27/20,HI,HI - Campaign 1,18112,274,3,49.11,37.81,75,,,,,,,,,,,,,,,
2/27/20,HI,HI - Campaign 2,4936,96,1,17.2,13.23,150,,,,,,,,,,,,,,,
2/28/20,HI,HI - Campaign 1,18046,278,4,54.32,36.27,75,,,,,,,,,,,,,,,
2/28/20,HI,HI - Campaign 2,4518,92,1,16.42,12.71,150,,,,,,,,,,,,,,,
2/29/20,HI,HI - Campaign 1,19792,316,5,69.25,39.86,75,,,,,,,,,,,,,,,
2/29/20,HI,HI - Campaign 2,3954,87,1,16.58,11.94,150,,,,,,,,,,,,,,,
3/1/20,HI,HI - Campaign 1,24924,354,5,62.87,44.04,75,,,,,,,,,,,,,,,
3/1/20,HI,HI - Campaign 2,3507,81,1,17.03,11.35,150,,,,,,,,,,,,,,,
3/2/20,HI,HI - Campaign 1,23726,340,4,59.85,45.37,75,,,,,,,,,,,,,,,
3/2/20,HI,HI - Campaign 2,3090,76,1,15.35,10.6,150,,,,,,,,,,,,,,,
3/3/20,HI,HI - Campaign 1,20293,272,3,46.82,35.58,75,,,,,,,,,,,,,,,
3/3/20,HI,HI - Campaign 2,2967,73,1,15.07,10.21,150,,,,,,,,,,,,,,,
3/4/20,HI,HI - Campaign 1,17702,253,5,60.22,33.31,75,,,,,,,,,,,,,,,
3/4/20,HI,HI - Campaign 2,2974,72,1,15.37,9.97,150,,,,,,,,,,,,,,,
3/5/20,HI,HI - Campaign 1,18596,266,4,45.12,34.64,75,,,,,,,,,,,,,,,
3/5/20,HI,HI - Campaign 2,2948,70,1,14.65,9.7,150,,,,,,,,,,,,,,,
3/6/20,HI,HI - Campaign 1,18729,259,4,53.17,33.12,75,,,,,,,,,,,,,,,
3/6/20,HI,HI - Campaign 2,2946,69,1,14.24,9.44,150,,,,,,,,,,,,,,,
3/7/20,HI,HI - Campaign 1,25005,331,4,49.37,42.71,75,,,,,,,,,,,,,,,
3/7/20,HI,HI - Campaign 2,3020,68,1,12.94,9.46,150,,,,,,,,,,,,,,,
3/8/20,HI,HI - Campaign 1,25408,354,5,73.66,44.66,75,,,,,,,,,,,,,,,
3/8/20,HI,HI - Campaign 2,2929,68,1,12.68,9.37,150,,,,,,,,,,,,,,,
3/9/20,HI,HI - Campaign 1,24075,335,5,76.82,47.75,75,,,,,,,,,,,,,,,
3/9/20,HI,HI - Campaign 2,2911,68,1,13.69,9.46,150,,,,,,,,,,,,,,,
3/10/20,HI,HI - Campaign 1,20211,309,6,71.34,41.3,75,,,,,,,,,,,,,,,
3/10/20,HI,HI - Campaign 2,2749,68,1,14.61,9.5,150,,,,,,,,,,,,,,,
3/11/20,HI,HI - Campaign 1,18948,292,4,65.17,38.57,75,,,,,,,,,,,,,,,
3/11/20,HI,HI - Campaign 2,2633,68,1,13.76,9.46,150,,,,,,,,,,,,,,,
3/12/20,HI,HI - Campaign 1,18312,277,5,61.09,37.42,75,,,,,,,,,,,,,,,
3/12/20,HI,HI - Campaign 2,2520,66,1,13.77,9.21,150,,,,,,,,,,,,,,,
3/13/20,HI,HI - Campaign 1,18534,275,4,67.51,37.31,75,,,,,,,,,,,,,,,
3/13/20,HI,HI - Campaign 2,2382,63,1,12.72,8.9,150,,,,,,,,,,,,,,,
3/14/20,HI,HI - Campaign 1,22464,360,7,102.98,48.32,75,,,,,,,,,,,,,,,
3/14/20,HI,HI - Campaign 2,2150,61,1,13.2,8.52,150,,,,,,,,,,,,,,,
3/15/20,HI,HI - Campaign 1,25899,397,7,81.15,52.59,75,,,,,,,,,,,,,,,
3/15/20,HI,HI - Campaign 2,2007,57,0,12.56,8.11,150,,,,,,,,,,,,,,,
3/16/20,HI,HI - Campaign 1,24454,379,7,78.14,58.29,75,,,,,,,,,,,,,,,
3/16/20,HI,HI - Campaign 2,1754,51,0,10.8,7.17,150,,,,,,,,,,,,,,,
3/17/20,HI,HI - Campaign 1,23384,364,6,65.52,55.33,75,,,,,,,,,,,,,,,
3/17/20,HI,HI - Campaign 2,1482,45,0,9.21,6.31,150,,,,,,,,,,,,,,,
3/18/20,HI,HI - Campaign 1,24384,362,6,82.88,49.72,75,,,,,,,,,,,,,,,
3/18/20,HI,HI - Campaign 2,1136,40,0,9.25,5.43,150,,,,,,,,,,,,,,,
3/19/20,HI,HI - Campaign 1,23886,361,9,111.67,51.22,75,,,,,,,,,,,,,,,
3/19/20,HI,HI - Campaign 2,904,37,0,9.31,5.03,150,,,,,,,,,,,,,,,
3/20/20,HI,HI - Campaign 1,26652,358,7,103.49,47.11,75,,,,,,,,,,,,,,,
3/20/20,HI,HI - Campaign 2,873,39,0,10.45,5.06,150,,,,,,,,,,,,,,,
3/21/20,HI,HI - Campaign 1,34401,478,10,123.21,61.91,75,,,,,,,,,,,,,,,
3/21/20,HI,HI - Campaign 2,887,41,0,10.99,5.26,150,,,,,,,,,,,,,,,
3/22/20,HI,HI - Campaign 1,37057,494,9,121.05,65.26,75,,,,,,,,,,,,,,,
3/22/20,HI,HI - Campaign 2,864,42,0,12.15,5.31,150,,,,,,,,,,,,,,,
3/23/20,HI,HI - Campaign 1,34904,487,9,136.65,75,75,,,,,,,,,,,,,,,
3/23/20,HI,HI - Campaign 2,1144,47,1,13.65,6.21,150,,,,,,,,,,,,,,,
3/24/20,HI,HI - Campaign 1,32393,476,8,96.69,71,75,,,,,,,,,,,,,,,
3/24/20,HI,HI - Campaign 2,1209,50,1,13.48,6.68,150,,,,,,,,,,,,,,,
3/25/20,HI,HI - Campaign 1,30720,477,10,134.67,67.15,75,,,,,,,,,,,,,,,
3/25/20,HI,HI - Campaign 2,1235,51,1,13.94,7.05,150,,,,,,,,,,,,,,,
3/26/20,HI,HI - Campaign 1,32656,495,9,117.4,69.5,75,,,,,,,,,,,,,,,
3/26/20,HI,HI - Campaign 2,1355,52,1,13.98,7.3,150,,,,,,,,,,,,,,,
3/27/20,HI,HI - Campaign 1,33638,500,10,142.31,66.5,75,,,,,,,,,,,,,,,
3/27/20,HI,HI - Campaign 2,1373,52,1,14.86,7.24,150,,,,,,,,,,,,,,,
3/28/20,HI,HI - Campaign 1,40943,596,11,126.25,75,75,,,,,,,,,,,,,,,
3/28/20,HI,HI - Campaign 2,2292,65,1,16.85,8.8,150,,,,,,,,,,,,,,,
3/29/20,HI,HI - Campaign 1,44924,619,11,135.23,75,75,,,,,,,,,,,,,,,
3/29/20,HI,HI - Campaign 2,2610,71,1,17.69,9.41,150,,,,,,,,,,,,,,,
3/30/20,HI,HI - Campaign 1,36864,524,11,123.81,75,75,,,,,,,,,,,,,,,
3/30/20,HI,HI - Campaign 2,4062,92,1,22.38,12.26,150,,,,,,,,,,,,,,,
3/31/20,HI,HI - Campaign 1,39700,534,10,125.45,75,75,,,,,,,,,,,,,,,
3/31/20,HI,HI - Campaign 2,5283,109,2,26.98,14.55,150,,,,,,,,,,,,,,,
4/1/20,HI,HI - Campaign 1,40274,506,7,83.27,67.38,75,,,,,,,,,,,,,,,
4/1/20,HI,HI - Campaign 2,5435,113,2,26.9,15.09,150,,,,,,,,,,,,,,,
4/2/20,HI,HI - Campaign 1,39268,530,12,153.69,75,75,,,,,,,,,,,,,,,
4/2/20,HI,HI - Campaign 2,5747,119,2,28.71,15.87,150,,,,,,,,,,,,,,,
4/3/20,HI,HI - Campaign 1,39043,546,11,125.62,75,75,,,,,,,,,,,,,,,
4/3/20,HI,HI - Campaign 2,6233,127,2,28.81,16.95,150,,,,,,,,,,,,,,,
4/4/20,HI,HI - Campaign 1,40823,555,10,113.39,75,75,,,,,,,,,,,,,,,
4/4/20,HI,HI - Campaign 2,8298,157,2,34.08,21.23,150,,,,,,,,,,,,,,,
4/5/20,HI,HI - Campaign 1,42488,527,9,123.19,75,75,,,,,,,,,,,,,,,
4/5/20,HI,HI - Campaign 2,11684,203,3,44.51,28.09,150,,,,,,,,,,,,,,,
4/6/20,HI,HI - Campaign 1,33740,465,7,101.23,75,75,,,,,,,,,,,,,,,
4/6/20,HI,HI - Campaign 2,14104,237,3,51.31,34.23,150,,,,,,,,,,,,,,,
4/7/20,HI,HI - Campaign 1,37715,503,10,112.72,75,75,,,,,,,,,,,,,,,
4/7/20,HI,HI - Campaign 2,15316,254,4,54.41,36.95,150,,,,,,,,,,,,,,,
4/8/20,HI,HI - Campaign 1,30423,490,10,142.44,75,75,,,,,,,,,,,,,,,
4/8/20,HI,HI - Campaign 2,17263,286,4,64.67,42,150,,,,,,,,,,,,,,,
4/9/20,HI,HI - Campaign 1,35882,539,10,136.9,75,75,,,,,,,,,,,,,,,
4/9/20,HI,HI - Campaign 2,17957,299,4,67.36,43.71,150,,,,,,,,,,,,,,,
4/10/20,HI,HI - Campaign 1,35499,544,10,125.63,75,75,,,,,,,,,,,,,,,
4/10/20,HI,HI - Campaign 2,19153,322,5,72.36,46.71,150,,,,,,,,,,,,,,,
4/11/20,HI,HI - Campaign 1,35421,552,11,147.54,75,75,,,,,,,,,,,,,,,
4/11/20,HI,HI - Campaign 2,17747,306,5,72.34,44.43,150,,,,,,,,,,,,,,,
4/12/20,HI,HI - Campaign 1,40314,568,9,133.79,75,75,,,,,,,,,,,,,,,
4/12/20,HI,HI - Campaign 2,15400,277,4,64.82,39.71,150,,,,,,,,,,,,,,,
4/13/20,HI,HI - Campaign 1,32072,494,9,100.56,75,75,,,,,,,,,,,,,,,
4/13/20,HI,HI - Campaign 2,15175,280,4,64.2,39.29,150,,,,,,,,,,,,,,,
4/14/20,HI,HI - Campaign 1,37266,526,9,102.57,75,75,,,,,,,,,,,,,,,
4/14/20,HI,HI - Campaign 2,15169,280,4,63.08,38.86,150,,,,,,,,,,,,,,,
4/15/20,HI,HI - Campaign 1,37372,538,11,134.35,75,75,,,,,,,,,,,,,,,
4/15/20,HI,HI - Campaign 2,14450,262,4,56.95,35.57,150,,,,,,,,,,,,,,,
4/16/20,HI,HI - Campaign 1,40283,538,11,122.83,75,75,,,,,,,,,,,,,,,
4/16/20,HI,HI - Campaign 2,14689,260,4,55.82,35.14,150,,,,,,,,,,,,,,,
4/17/20,HI,HI - Campaign 1,42381,561,10,117.38,75,75,,,,,,,,,,,,,,,
4/17/20,HI,HI - Campaign 2,14593,251,4,53.28,33.71,150,,,,,,,,,,,,,,,
4/18/20,HI,HI - Campaign 1,40338,554,11,145.39,75,75,,,,,,,,,,,,,,,
4/18/20,HI,HI - Campaign 2,16786,276,4,58.88,37,150,,,,,,,,,,,,,,,
4/19/20,HI,HI - Campaign 1,40618,571,10,124.22,75,75,,,,,,,,,,,,,,,
4/19/20,HI,HI - Campaign 2,17956,291,5,61.1,38.86,150,,,,,,,,,,,,,,,
4/20/20,HI,HI - Campaign 1,34835,506,10,118.94,75,75,,,,,,,,,,,,,,,
4/20/20,HI,HI - Campaign 2,17431,278,5,60.33,36.71,150,,,,,,,,,,,,,,,
4/21/20,HI,HI - Campaign 1,35777,500,7,98.43,75,75,,,,,,,,,,,,,,,
4/21/20,HI,HI - Campaign 2,18466,292,5,62.92,39,150,,,,,,,,,,,,,,,
4/22/20,HI,HI - Campaign 1,36478,519,8,107.86,75,75,,,,,,,,,,,,,,,
4/22/20,HI,HI - Campaign 2,20138,317,5,66.85,42.71,150,,,,,,,,,,,,,,,
4/23/20,HI,HI - Campaign 1,36822,486,8,110.39,75,75,,,,,,,,,,,,,,,
4/23/20,HI,HI - Campaign 2,22552,349,5,74.2,48,150,,,,,,,,,,,,,,,
4/24/20,HI,HI - Campaign 1,43521,535,9,105.32,75,75,,,,,,,,,,,,,,,
4/24/20,HI,HI - Campaign 2,23466,358,6,76.06,49.57,150,,,,,,,,,,,,,,,
4/25/20,HI,HI - Campaign 1,47129,556,9,108.49,75,75,,,,,,,,,,,,,,,
4/25/20,HI,HI - Campaign 2,23405,348,5,70.19,48.29,150,,,,,,,,,,,,,,,
4/26/20,HI,HI - Campaign 1,57309,596,10,98.03,75,75,,,,,,,,,,,,,,,
4/26/20,HI,HI - Campaign 2,23928,346,5,68.08,47.86,150,,,,,,,,,,,,,,,
4/27/20,HI,HI - Campaign 1,37902,530,9,103.69,75,75,,,,,,,,,,,,,,,
4/27/20,HI,HI - Campaign 2,24118,349,5,66.4,48,150,,,,,,,,,,,,,,,
4/28/20,HI,HI - Campaign 1,37934,526,8,107.37,75,75,,,,,,,,,,,,,,,
4/28/20,HI,HI - Campaign 2,23829,346,5,66.84,47.57,150,,,,,,,,,,,,,,,
4/29/20,HI,HI - Campaign 1,40806,585,11,141.81,75,75,,,,,,,,,,,,,,,
4/29/20,HI,HI - Campaign 2,21756,320,5,61.84,43.57,150,,,,,,,,,,,,,,,
4/30/20,HI,HI - Campaign 1,37713,591,11,143.91,75,75,,,,,,,,,,,,,,,
4/30/20,HI,HI - Campaign 2,18722,282,4,54.48,37.57,150,,,,,,,,,,,,,,,
5/1/20,HI,HI - Campaign 1,39703,593,8,123.57,75,75,,,,,,,,,,,,,,,
5/1/20,HI,HI - Campaign 2,18083,279,4,54.45,36.86,150,,,,,,,,,,,,,,,
5/2/20,HI,HI - Campaign 1,45731,627,9,122.01,75,75,,,,,,,,,,,,,,,
5/2/20,HI,HI - Campaign 2,17715,283,4,55.23,36.86,150,,,,,,,,,,,,,,,
5/3/20,HI,HI - Campaign 1,43458,598,8,101.57,75,75,,,,,,,,,,,,,,,
5/3/20,HI,HI - Campaign 2,18490,306,4,59.15,40.14,150,,,,,,,,,,,,,,,
5/4/20,HI,HI - Campaign 1,35416,521,10,126.73,75,75,,,,,,,,,,,,,,,
5/4/20,HI,HI - Campaign 2,19428,323,4,65.86,43,150,,,,,,,,,,,,,,,
5/5/20,HI,HI - Campaign 1,35407,532,9,115.7,75,75,,,,,,,,,,,,,,,
5/5/20,HI,HI - Campaign 2,19595,329,4,67.67,44,150,,,,,,,,,,,,,,,
5/6/20,HI,HI - Campaign 1,38908,587,9,118.83,75,75,,,,,,,,,,,,,,,
5/6/20,HI,HI - Campaign 2,20720,347,5,70.67,46.29,150,,,,,,,,,,,,,,,
5/7/20,HI,HI - Campaign 1,37376,568,8,115.1,75,75,,,,,,,,,,,,,,,
5/7/20,HI,HI - Campaign 2,22062,369,5,73.64,49.43,150,,,,,,,,,,,,,,,
5/8/20,HI,HI - Campaign 1,41354,586,8,95.06,75,75,,,,,,,,,,,,,,,
5/8/20,HI,HI - Campaign 2,22591,377,5,73.29,50.57,150,,,,,,,,,,,,,,,
5/9/20,HI,HI - Campaign 1,45286,630,9,125.82,75,75,,,,,,,,,,,,,,,
5/9/20,HI,HI - Campaign 2,21443,362,5,70.74,48.57,150,,,,,,,,,,,,,,,
5/10/20,HI,HI - Campaign 1,50419,666,9,108.25,75,75,,,,,,,,,,,,,,,
5/10/20,HI,HI - Campaign 2,18092,314,4,62.5,42,150,,,,,,,,,,,,,,,
5/11/20,HI,HI - Campaign 1,38539,575,9,118.94,75,75,,,,,,,,,,,,,,,
5/11/20,HI,HI - Campaign 2,16724,295,4,56.19,38.29,150,,,,,,,,,,,,,,,
5/12/20,HI,HI - Campaign 1,39372,598,10,139.97,75,75,,,,,,,,,,,,,,,
5/12/20,HI,HI - Campaign 2,15101,269,3,51,33.86,150,,,,,,,,,,,,,,,
5/13/20,HI,HI - Campaign 1,36142,573,9,123.42,75,75,,,,,,,,,,,,,,,
5/13/20,HI,HI - Campaign 2,14469,257,3,49.06,32.29,150,,,,,,,,,,,,,,,
5/14/20,HI,HI - Campaign 1,37526,594,10,124.89,75,75,,,,,,,,,,,,,,,
5/14/20,HI,HI - Campaign 2,13336,236,3,45.24,29.29,150,,,,,,,,,,,,,,,
5/15/20,HI,HI - Campaign 1,36045,582,9,108.15,75,75,,,,,,,,,,,,,,,
5/15/20,HI,HI - Campaign 2,12483,226,3,44.08,27.86,150,,,,,,,,,,,,,,,
5/16/20,HI,HI - Campaign 1,37388,577,9,109.66,75,75,,,,,,,,,,,,,,,
5/16/20,HI,HI - Campaign 2,13986,251,3,48.82,31.71,150,,,,,,,,,,,,,,,
5/17/20,HI,HI - Campaign 1,40398,612,9,120.71,75,75,,,,,,,,,,,,,,,
5/17/20,HI,HI - Campaign 2,15714,275,4,54.61,34.86,150,,,,,,,,,,,,,,,
5/18/20,HI,HI - Campaign 1,37845,560,9,122.73,75,75,,,,,,,,,,,,,,,
5/18/20,HI,HI - Campaign 2,16050,277,4,55.78,35.29,150,,,,,,,,,,,,,,,
5/19/20,HI,HI - Campaign 1,41309,581,7,84.93,75,75,,,,,,,,,,,,,,,
5/19/20,HI,HI - Campaign 2,18276,304,4,57.36,39,150,,,,,,,,,,,,,,,
5/20/20,HI,HI - Campaign 1,36154,571,9,119.32,75,75,,,,,,,,,,,,,,,
5/20/20,HI,HI - Campaign 2,18245,304,4,57.23,39,150,,,,,,,,,,,,,,,
5/21/20,HI,HI - Campaign 1,36593,574,11,144.71,75,75,,,,,,,,,,,,,,,
5/21/20,HI,HI - Campaign 2,18463,307,4,58.83,39.57,150,,,,,,,,,,,,,,,
5/22/20,HI,HI - Campaign 1,37167,591,9,118.42,75,75,,,,,,,,,,,,,,,
5/22/20,HI,HI - Campaign 2,18132,301,4,58.22,38.86,150,,,,,,,,,,,,,,,
5/23/20,HI,HI - Campaign 1,42203,664,11,148.64,75,75,,,,,,,,,,,,,,,
5/23/20,HI,HI - Campaign 2,15371,257,3,50.51,32.71,150,,,,,,,,,,,,,,,
5/24/20,HI,HI - Campaign 1,43299,651,9,114.26,75,75,,,,,,,,,,,,,,,
5/24/20,HI,HI - Campaign 2,14842,248,3,48.57,31.43,150,,,,,,,,,,,,,,,
5/25/20,HI,HI - Campaign 1,38982,592,8,95.03,75,75,,,,,,,,,,,,,,,
5/25/20,HI,HI - Campaign 2,14532,245,3,45.1,30.57,150,,,,,,,,,,,,,,,
5/26/20,HI,HI - Campaign 1,28894,487,8,96.29,75,75,,,,,,,,,,,,,,,
5/26/20,HI,HI - Campaign 2,15687,276,4,54.19,36.86,150,,,,,,,,,,,,,,,
5/27/20,HI,HI - Campaign 1,31424,547,10,124.99,75,75,,,,,,,,,,,,,,,
5/27/20,HI,HI - Campaign 2,16654,295,4,59.09,39.57,150,,,,,,,,,,,,,,,
5/28/20,HI,HI - Campaign 1,32761,573,10,132.44,75,75,,,,,,,,,,,,,,,
5/28/20,HI,HI - Campaign 2,16968,303,4,60.42,40.57,150,,,,,,,,,,,,,,,
5/29/20,HI,HI - Campaign 1,36131,580,9,147.58,75,75,,,,,,,,,,,,,,,
5/29/20,HI,HI - Campaign 2,16775,300,4,61.25,40.14,150,,,,,,,,,,,,,,,
5/30/20,HI,HI - Campaign 1,44621,641,9,130.15,75,75,,,,,,,,,,,,,,,
5/30/20,HI,HI - Campaign 2,17488,309,5,62.89,41.29,150,,,,,,,,,,,,,,,
5/31/20,HI,HI - Campaign 1,47337,666,9,127.81,75,75,,,,,,,,,,,,,,,
5/31/20,HI,HI - Campaign 2,16872,300,4,61.39,40.14,150,,,,,,,,,,,,,,,
6/1/20,HI,HI - Campaign 1,38802,568,11,135.2,75,75,,,,,,,,,,,,,,,
6/1/20,HI,HI - Campaign 2,16105,288,4,62.08,38.86,150,,,,,,,,,,,,,,,
6/2/20,HI,HI - Campaign 1,35681,557,9,111.85,75,75,,,,,,,,,,,,,,,
6/2/20,HI,HI - Campaign 2,12851,232,3,51,29.43,150,,,,,,,,,,,,,,,
6/3/20,HI,HI - Campaign 1,34044,573,10,126.96,75,75,,,,,,,,,,,,,,,
6/3/20,HI,HI - Campaign 2,12081,219,3,47.29,27.43,150,,,,,,,,,,,,,,,
6/4/20,HI,HI - Campaign 1,31945,538,9,119.4,75,75,,,,,,,,,,,,,,,
6/4/20,HI,HI - Campaign 2,13062,236,3,50.72,30,150,,,,,,,,,,,,,,,
6/5/20,HI,HI - Campaign 1,31880,502,8,109.99,75,75,,,,,,,,,,,,,,,
6/5/20,HI,HI - Campaign 2,15582,276,4,58.66,36.57,150,,,,,,,,,,,,,,,
6/6/20,HI,HI - Campaign 1,34065,578,9,119.18,75,75,,,,,,,,,,,,,,,
6/6/20,HI,HI - Campaign 2,16437,296,4,62.37,39.57,150,,,,,,,,,,,,,,,
6/7/20,HI,HI - Campaign 1,38726,646,10,124,75,75,,,,,,,,,,,,,,,
6/7/20,HI,HI - Campaign 2,16843,306,5,63.92,40.71,150,,,,,,,,,,,,,,,
6/8/20,HI,HI - Campaign 1,29413,526,10,113.27,75,75,,,,,,,,,,,,,,,
6/8/20,HI,HI - Campaign 2,17542,325,5,66.91,43.86,150,,,,,,,,,,,,,,,
6/9/20,HI,HI - Campaign 1,29732,509,8,100.52,75,75,,,,,,,,,,,,,,,
6/9/20,HI,HI - Campaign 2,19530,361,5,73.95,49.71,150,,,,,,,,,,,,,,,
6/10/20,HI,HI - Campaign 1,32667,543,9,133.66,75,75,,,,,,,,,,,,,,,
6/10/20,HI,HI - Campaign 2,20498,376,6,78.85,52,150,,,,,,,,,,,,,,,
6/11/20,HI,HI - Campaign 1,30184,514,10,128.08,75,75,,,,,,,,,,,,,,,
6/11/20,HI,HI - Campaign 2,20616,378,6,80.61,52.57,150,,,,,,,,,,,,,,,
6/12/20,HI,HI - Campaign 1,34279,540,11,150.29,75,75,,,,,,,,,,,,,,,
6/12/20,HI,HI - Campaign 2,19026,352,6,77.14,48.29,150,,,,,,,,,,,,,,,
6/13/20,HI,HI - Campaign 1,38634,588,8,111.6,75,75,,,,,,,,,,,,,,,
6/13/20,HI,HI - Campaign 2,18694,342,6,74.51,47,150,,,,,,,,,,,,,,,
6/14/20,HI,HI - Campaign 1,41540,620,8,99.12,75,75,,,,,,,,,,,,,,,
6/14/20,HI,HI - Campaign 2,18776,340,5,73.07,47,150,,,,,,,,,,,,,,,
6/15/20,HI,HI - Campaign 1,32357,516,9,124.82,75,75,,,,,,,,,,,,,,,
6/15/20,HI,HI - Campaign 2,19747,350,6,77.27,48.71,150,,,,,,,,,,,,,,,
6/16/20,HI,HI - Campaign 1,30046,484,7,100.12,75,75,,,,,,,,,,,,,,,
6/16/20,HI,HI - Campaign 2,21209,372,6,82.62,53.14,150,,,,,,,,,,,,,,,
6/17/20,HI,HI - Campaign 1,32276,558,11,134.03,75,75,,,,,,,,,,,,,,,
6/17/20,HI,HI - Campaign 2,19591,346,5,75.99,49.43,150,,,,,,,,,,,,,,,
6/18/20,HI,HI - Campaign 1,31508,560,9,105.62,75,75,,,,,,,,,,,,,,,
6/18/20,HI,HI - Campaign 2,17354,308,4,65.91,43.71,150,,,,,,,,,,,,,,,
6/19/20,HI,HI - Campaign 1,33694,575,11,133.57,75,75,,,,,,,,,,,,,,,
6/19/20,HI,HI - Campaign 2,15755,283,4,58.87,40.14,150,,,,,,,,,,,,,,,
6/20/20,HI,HI - Campaign 1,36478,607,10,127.06,75,75,,,,,,,,,,,,,,,
6/20/20,HI,HI - Campaign 2,13788,252,3,53.95,36.14,150,,,,,,,,,,,,,,,
6/21/20,HI,HI - Campaign 1,39347,607,9,119.95,75,75,,,,,,,,,,,,,,,
6/21/20,HI,HI - Campaign 2,12290,231,3,51.12,38.86,150,,,,,,,,,,,,,,,
6/22/20,HI,HI - Campaign 1,29995,506,9,124.11,75,75,,,,,,,,,,,,,,,
6/22/20,HI,HI - Campaign 2,11212,216,3,48.36,31.36,150,,,,,,,,,,,,,,,
6/23/20,HI,HI - Campaign 1,28020,476,7,104.47,75,75,,,,,,,,,,,,,,,
6/23/20,HI,HI - Campaign 2,8869,179,2,41.6,25.36,150,,,,,,,,,,,,,,,
6/24/20,HI,HI - Campaign 1,31149,502,8,110.01,75,75,,,,,,,,,,,,,,,
6/24/20,HI,HI - Campaign 2,9918,195,3,44.46,28.07,150,,,,,,,,,,,,,,,
6/25/20,HI,HI - Campaign 1,30136,496,9,154.17,75,75,,,,,,,,,,,,,,,
6/25/20,HI,HI - Campaign 2,10850,210,3,50.95,30.5,150,,,,,,,,,,,,,,,
6/26/20,HI,HI - Campaign 1,30120,528,9,124.91,75,75,,,,,,,,,,,,,,,
6/26/20,HI,HI - Campaign 2,10975,212,3,51.05,30.93,150,,,,,,,,,,,,,,,
6/27/20,HI,HI - Campaign 1,29235,519,8,98.33,75,75,,,,,,,,,,,,,,,
6/27/20,HI,HI - Campaign 2,12029,231,4,54.29,33.93,150,,,,,,,,,,,,,,,
6/28/20,HI,HI - Campaign 1,34452,551,7,84.46,75,75,,,,,,,,,,,,,,,
6/28/20,HI,HI - Campaign 2,13664,257,4,57.08,37.71,150,,,,,,,,,,,,,,,
6/29/20,HI,HI - Campaign 1,27386,458,7,78.04,75,75,,,,,,,,,,,,,,,
6/29/20,HI,HI - Campaign 2,14891,277,4,55.23,42,150,,,,,,,,,,,,,,,
6/30/20,HI,HI - Campaign 1,28832,486,8,109.8,75,75,,,,,,,,,,,,,,,
6/30/20,HI,HI - Campaign 2,14690,273,4,54.75,41.29,150,,,,,,,,,,,,,,,
7/1/20,HI,HI - Campaign 1,32744,514,10,144.85,75,75,,,,,,,,,,,,,,,
7/1/20,HI,HI - Campaign 2,14614,272,4,56.63,41,150,,,,,,,,,,,,,,,
7/2/20,HI,HI - Campaign 1,31620,518,11,117.73,75,75,,,,,,,,,,,,,,,
7/2/20,HI,HI - Campaign 2,14733,276,4,55.41,41.57,150,,,,,,,,,,,,,,,
7/3/20,HI,HI - Campaign 1,31503,534,12,143.8,75,75,,,,,,,,,,,,,,,
7/3/20,HI,HI - Campaign 2,15467,291,4,60.43,43.86,150,,,,,,,,,,,,,,,
7/4/20,HI,HI - Campaign 1,37256,569,9,140.59,75,75,,,,,,,,,,,,,,,
7/4/20,HI,HI - Campaign 2,14433,274,4,57.82,41.29,150,,,,,,,,,,,,,,,
7/5/20,HI,HI - Campaign 1,34546,553,11,129.99,75,75,,,,,,,,,,,,,,,
7/5/20,HI,HI - Campaign 2,14088,272,4,60.74,41,150,,,,,,,,,,,,,,,
7/6/20,HI,HI - Campaign 1,26957,485,10,132.67,75,75,,,,,,,,,,,,,,,
7/6/20,HI,HI - Campaign 2,13138,263,4,66.37,38.71,150,,,,,,,,,,,,,,,
7/7/20,HI,HI - Campaign 1,30941,491,10,125.76,75,75,,,,,,,,,,,,,,,
7/7/20,HI,HI - Campaign 2,13171,261,4,67.52,38.14,150,,,,,,,,,,,,,,,
7/8/20,HI,HI - Campaign 1,35283,509,9,127.14,75,75,,,,,,,,,,,,,,,
7/8/20,HI,HI - Campaign 2,13858,269,4,68.62,39.29,150,,,,,,,,,,,,,,,
7/9/20,HI,HI - Campaign 1,35869,500,8,98.33,75,75,,,,,,,,,,,,,,,
7/9/20,HI,HI - Campaign 2,14946,281,4,69.1,41,150,,,,,,,,,,,,,,,
7/10/20,HI,HI - Campaign 1,31730,503,8,129.54,75,75,,,,,,,,,,,,,,,
7/10/20,HI,HI - Campaign 2,15732,291,5,70.85,42.71,150,,,,,,,,,,,,,,,
7/11/20,HI,HI - Campaign 1,39629,537,10,134.53,75,75,,,,,,,,,,,,,,,
7/11/20,HI,HI - Campaign 2,17361,313,5,75.29,45.57,150,,,,,,,,,,,,,,,
7/12/20,HI,HI - Campaign 1,38299,531,9,119.24,75,75,,,,,,,,,,,,,,,
7/12/20,HI,HI - Campaign 2,18460,324,5,78.4,47.14,150,,,,,,,,,,,,,,,
7/13/20,HI,HI - Campaign 1,28908,468,9,123.17,75,75,,,,,,,,,,,,,,,
7/13/20,HI,HI - Campaign 2,18634,320,5,76.47,46.71,150,,,,,,,,,,,,,,,
7/14/20,HI,HI - Campaign 1,34480,500,9,133.78,75,75,,,,,,,,,,,,,,,
7/14/20,HI,HI - Campaign 2,17885,305,5,72.47,44.29,150,,,,,,,,,,,,,,,
7/15/20,HI,HI - Campaign 1,34457,492,10,140.08,75,75,,,,,,,,,,,,,,,
7/15/20,HI,HI - Campaign 2,17042,292,4,70.33,42.57,150,,,,,,,,,,,,,,,
7/16/20,HI,HI - Campaign 1,35251,486,9,125.56,75,75,,,,,,,,,,,,,,,
7/16/20,HI,HI - Campaign 2,16367,281,4,70.3,41,150,,,,,,,,,,,,,,,
7/17/20,HI,HI - Campaign 1,33259,473,8,124.45,75,75,,,,,,,,,,,,,,,
7/17/20,HI,HI - Campaign 2,16487,278,4,70.46,40.86,150,,,,,,,,,,,,,,,
7/18/20,HI,HI - Campaign 1,37445,518,9,118.1,75,75,,,,,,,,,,,,,,,
7/18/20,HI,HI - Campaign 2,17315,292,5,74.09,43.14,150,,,,,,,,,,,,,,,
7/19/20,HI,HI - Campaign 1,42216,537,7,95.15,75,75,,,,,,,,,,,,,,,
7/19/20,HI,HI - Campaign 2,17727,296,5,71.1,43.71,150,,,,,,,,,,,,,,,
7/20/20,HI,HI - Campaign 1,30466,463,8,123.62,75,75,,,,,,,,,,,,,,,
7/20/20,HI,HI - Campaign 2,17362,286,4,68.32,42.29,150,,,,,,,,,,,,,,,
7/21/20,HI,HI - Campaign 1,32936,500,10,117.86,75,75,,,,,,,,,,,,,,,
7/21/20,HI,HI - Campaign 2,16972,281,4,66.17,41.57,150,,,,,,,,,,,,,,,
7/22/20,HI,HI - Campaign 1,35519,509,9,115.17,75,75,,,,,,,,,,,,,,,
7/22/20,HI,HI - Campaign 2,16975,280,4,63.87,41.29,150,,,,,,,,,,,,,,,
7/23/20,HI,HI - Campaign 1,37375,496,9,125.34,75,75,,,,,,,,,,,,,,,
7/23/20,HI,HI - Campaign 2,16864,277,4,62.9,40.86,150,,,,,,,,,,,,,,,
7/24/20,HI,HI - Campaign 1,34811,524,9,129.94,74.75,75,,,,,,,,,,,,,,,
7/24/20,HI,HI - Campaign 2,14937,249,4,54.69,36.18,150,,,,,,,,,,,,,,,
7/25/20,HI,HI - Campaign 1,38987,541,11,159.29,75,75,,,,,,,,,,,,,,,
7/25/20,HI,HI - Campaign 2,12361,210,3,46.38,31.32,150,,,,,,,,,,,,,,,
7/26/20,HI,HI - Campaign 1,45437,576,9,110.9,75,75,,,,,,,,,,,,,,,
7/26/20,HI,HI - Campaign 2,10120,179,2,40.98,25.61,150,,,,,,,,,,,,,,,
7/27/20,HI,HI - Campaign 1,34117,491,9,116.25,75,75,,,,,,,,,,,,,,,
7/27/20,HI,HI - Campaign 2,10299,179,3,40.04,25.32,150,,,,,,,,,,,,,,,
7/28/20,HI,HI - Campaign 1,38093,507,8,112.76,75,75,,,,,,,,,,,,,,,
7/28/20,HI,HI - Campaign 2,11807,200,3,44.05,28.32,150,,,,,,,,,,,,,,,
7/29/20,HI,HI - Campaign 1,38621,519,8,144.52,75,75,,,,,,,,,,,,,,,
7/29/20,HI,HI - Campaign 2,12605,214,3,49.29,30.18,150,,,,,,,,,,,,,,,
7/30/20,HI,HI - Campaign 1,37858,522,7,110.31,75,75,,,,,,,,,,,,,,,
7/30/20,HI,HI - Campaign 2,12812,221,3,49.58,31.04,150,,,,,,,,,,,,,,,
7/31/20,HI,HI - Campaign 1,35547,526,7,106.07,75,75,,,,,,,,,,,,,,,
7/31/20,HI,HI - Campaign 2,14159,245,3,54.13,34.57,150,,,,,,,,,,,,,,,
8/1/20,HI,HI - Campaign 1,43113,563,9,138.96,75,75,,,,,,,,,,,,,,,
8/1/20,HI,HI - Campaign 2,16402,279,4,61.46,39.29,150,,,,,,,,,,,,,,,
8/2/20,HI,HI - Campaign 1,40019,536,8,112.31,75,75,,,,,,,,,,,,,,,
8/2/20,HI,HI - Campaign 2,18429,310,4,69.4,43.86,150,,,,,,,,,,,,,,,
8/3/20,HI,HI - Campaign 1,32954,463,8,120.02,75,75,,,,,,,,,,,,,,,
8/3/20,HI,HI - Campaign 2,19264,322,4,74.15,46.43,150,,,,,,,,,,,,,,,
8/4/20,HI,HI - Campaign 1,34607,479,7,111.77,75,75,,,,,,,,,,,,,,,
8/4/20,HI,HI - Campaign 2,19523,328,5,76.29,47.86,150,,,,,,,,,,,,,,,
8/5/20,HI,HI - Campaign 1,34269,478,8,113.67,75,75,,,,,,,,,,,,,,,
8/5/20,HI,HI - Campaign 2,19723,331,5,75.84,49.14,150,,,,,,,,,,,,,,,
8/6/20,HI,HI - Campaign 1,30029,471,7,112.24,75,75,,,,,,,,,,,,,,,
8/6/20,HI,HI - Campaign 2,19636,333,5,77.57,50.14,150,,,,,,,,,,,,,,,
8/7/20,HI,HI - Campaign 1,30740,495,10,134.27,75,75,,,,,,,,,,,,,,,
8/7/20,HI,HI - Campaign 2,19300,330,5,79.11,49.86,150,,,,,,,,,,,,,,,
8/8/20,HI,HI - Campaign 1,36349,511,7,129.16,75,75,,,,,,,,,,,,,,,
8/8/20,HI,HI - Campaign 2,19011,327,5,79.08,50,150,,,,,,,,,,,,,,,
8/9/20,HI,HI - Campaign 1,37843,519,8,108.8,75,75,,,,,,,,,,,,,,,
8/9/20,HI,HI - Campaign 2,18549,322,5,77.3,49.57,150,,,,,,,,,,,,,,,
8/10/20,HI,HI - Campaign 1,34567,470,8,118.73,75,75,,,,,,,,,,,,,,,
8/10/20,HI,HI - Campaign 2,17233,299,4,71.05,45.57,150,,,,,,,,,,,,,,,
8/11/20,HI,HI - Campaign 1,33842,469,7,113.18,75,75,,,,,,,,,,,,,,,
8/11/20,HI,HI - Campaign 2,15804,277,4,65.85,42,150,,,,,,,,,,,,,,,
8/12/20,HI,HI - Campaign 1,36195,502,9,154.56,75,75,,,,,,,,,,,,,,,
8/12/20,HI,HI - Campaign 2,13583,243,3,58.72,36.43,150,,,,,,,,,,,,,,,
8/13/20,HI,HI - Campaign 1,34917,510,8,141.41,75,75,,,,,,,,,,,,,,,
8/13/20,HI,HI - Campaign 2,12414,222,3,54.27,32.71,150,,,,,,,,,,,,,,,
8/14/20,HI,HI - Campaign 1,34584,497,9,137.05,75,75,,,,,,,,,,,,,,,
8/14/20,HI,HI - Campaign 2,12071,213,3,51.73,31.29,150,,,,,,,,,,,,,,,
8/15/20,HI,HI - Campaign 1,37631,527,9,142.26,75,75,,,,,,,,,,,,,,,
8/15/20,HI,HI - Campaign 2,11245,200,3,48.72,29.14,150,,,,,,,,,,,,,,,
8/16/20,HI,HI - Campaign 1,35692,529,9,111.52,75,75,,,,,,,,,,,,,,,
8/16/20,HI,HI - Campaign 2,10286,187,3,46.04,27.14,150,,,,,,,,,,,,,,,
8/17/20,HI,HI - Campaign 1,27871,449,10,137.91,75,75,,,,,,,,,,,,,,,
8/17/20,HI,HI - Campaign 2,10322,197,3,51.16,29.29,150,,,,,,,,,,,,,,,
8/18/20,HI,HI - Campaign 1,30156,459,9,121.86,75,75,,,,,,,,,,,,,,,
8/18/20,HI,HI - Campaign 2,10274,201,3,52.78,30,150,,,,,,,,,,,,,,,
8/19/20,HI,HI - Campaign 1,30541,463,10,119.99,75,75,,,,,,,,,,,,,,,
8/19/20,HI,HI - Campaign 2,11185,216,3,56.57,32.71,150,,,,,,,,,,,,,,,
8/20/20,HI,HI - Campaign 1,28640,469,7,107.49,75,75,,,,,,,,,,,,,,,
8/20/20,HI,HI - Campaign 2,11600,223,3,57.85,34.14,150,,,,,,,,,,,,,,,
8/21/20,HI,HI - Campaign 1,28412,469,9,113.3,75,75,,,,,,,,,,,,,,,
8/21/20,HI,HI - Campaign 2,12060,234,4,59.38,36,150,,,,,,,,,,,,,,,
8/22/20,HI,HI - Campaign 1,28734,476,7,95.48,75,75,,,,,,,,,,,,,,,
8/22/20,HI,HI - Campaign 2,12788,251,4,60.64,39.29,150,,,,,,,,,,,,,,,
8/23/20,HI,HI - Campaign 1,32487,519,9,120.2,75,75,,,,,,,,,,,,,,,
8/23/20,HI,HI - Campaign 2,12855,255,4,62.54,40,150,,,,,,,,,,,,,,,
8/24/20,HI,HI - Campaign 1,26152,433,8,107.39,75,75,,,,,,,,,,,,,,,
8/24/20,HI,HI - Campaign 2,12987,257,4,60.18,40.71,150,,,,,,,,,,,,,,,
8/25/20,HI,HI - Campaign 1,25281,445,9,124.93,75,75,,,,,,,,,,,,,,,
8/25/20,HI,HI - Campaign 2,12510,251,4,59.6,39.86,150,,,,,,,,,,,,,,,
8/26/20,HI,HI - Campaign 1,21656,391,9,135.82,75,75,,,,,,,,,,,,,,,
8/26/20,HI,HI - Campaign 2,11049,227,3,53.63,48,150,,,,,,,,,,,,,,,
8/27/20,HI,HI - Campaign 1,26939,465,11,141.82,75,75,,,,,,,,,,,,,,,
8/27/20,HI,HI - Campaign 2,10581,219,3,52.72,34.46,150,,,,,,,,,,,,,,,
8/28/20,HI,HI - Campaign 1,27971,473,8,122.2,75,75,,,,,,,,,,,,,,,
8/28/20,HI,HI - Campaign 2,9708,202,3,48.88,31.75,150,,,,,,,,,,,,,,,
8/29/20,HI,HI - Campaign 1,30297,496,10,117.88,75,75,,,,,,,,,,,,,,,
8/29/20,HI,HI - Campaign 2,8919,187,3,46.54,28.75,150,,,,,,,,,,,,,,,
8/30/20,HI,HI - Campaign 1,30785,485,8,101.52,75,75,,,,,,,,,,,,,,,
8/30/20,HI,HI - Campaign 2,9867,200,3,48.35,31.04,150,,,,,,,,,,,,,,,
8/31/20,HI,HI - Campaign 1,24810,415,9,107.59,75,75,,,,,,,,,,,,,,,
8/31/20,HI,HI - Campaign 2,9638,196,3,48.03,30.75,150,,,,,,,,,,,,,,,
9/1/20,HI,HI - Campaign 1,25838,438,9,120.89,75,75,,,,,,,,,,,,,,,
9/1/20,HI,HI - Campaign 2,9836,199,3,48.47,31.46,150,,,,,,,,,,,,,,,
9/2/20,HI,HI - Campaign 1,28061,455,8,113.78,75,75,,,,,,,,,,,,,,,
9/2/20,HI,HI - Campaign 2,11023,220,4,52.9,35.14,150,,,,,,,,,,,,,,,
9/3/20,HI,HI - Campaign 1,28039,461,7,111.69,75,75,,,,,,,,,,,,,,,
9/3/20,HI,HI - Campaign 2,11584,231,4,54.49,37.14,150,,,,,,,,,,,,,,,
9/4/20,HI,HI - Campaign 1,29192,465,11,154.4,75,75,,,,,,,,,,,,,,,
9/4/20,HI,HI - Campaign 2,11826,236,4,57.46,38.14,150,,,,,,,,,,,,,,,
9/5/20,HI,HI - Campaign 1,29264,483,8,107.47,75,75,,,,,,,,,,,,,,,
9/5/20,HI,HI - Campaign 2,11314,228,4,54.95,37.43,150,,,,,,,,,,,,,,,
9/6/20,HI,HI - Campaign 1,28962,485,9,96.7,75,75,,,,,,,,,,,,,,,
9/6/20,HI,HI - Campaign 2,9561,199,3,49.21,33,150,,,,,,,,,,,,,,,
9/7/20,HI,HI - Campaign 1,33177,467,8,105.84,75,75,,,,,,,,,,,,,,,
9/7/20,HI,HI - Campaign 2,9400,194,3,45.75,30.86,150,,,,,,,,,,,,,,,
9/8/20,HI,HI - Campaign 1,26494,400,9,118.1,75,75,,,,,,,,,,,,,,,
9/8/20,HI,HI - Campaign 2,11198,218,4,53.43,35.86,150,,,,,,,,,,,,,,,
9/9/20,HI,HI - Campaign 1,27895,413,10,125.35,75,75,,,,,,,,,,,,,,,
9/9/20,HI,HI - Campaign 2,12548,237,4,60.35,39.71,150,,,,,,,,,,,,,,,
9/10/20,HI,HI - Campaign 1,31188,432,9,130.15,75,75,,,,,,,,,,,,,,,
9/10/20,HI,HI - Campaign 2,13538,246,5,65,41.57,150,,,,,,,,,,,,,,,
9/11/20,HI,HI - Campaign 1,34695,468,9,132.91,75,75,,,,,,,,,,,,,,,
9/11/20,HI,HI - Campaign 2,13768,247,4,64.5,41.71,150,,,,,,,,,,,,,,,
9/12/20,HI,HI - Campaign 1,33176,468,11,126.24,75,75,,,,,,,,,,,,,,,
9/12/20,HI,HI - Campaign 2,15311,269,5,72.24,45.29,150,,,,,,,,,,,,,,,
9/13/20,HI,HI - Campaign 1,35741,477,7,104.4,75,75,,,,,,,,,,,,,,,
9/13/20,HI,HI - Campaign 2,16682,287,5,75.43,48.14,150,,,,,,,,,,,,,,,
9/14/20,HI,HI - Campaign 1,28960,414,9,121.51,75,75,,,,,,,,,,,,,,,
9/14/20,HI,HI - Campaign 2,17233,292,5,80.62,50.14,150,,,,,,,,,,,,,,,
9/15/20,HI,HI - Campaign 1,30406,418,8,103.94,75,75,,,,,,,,,,,,,,,
9/15/20,HI,HI - Campaign 2,16244,273,5,73.36,46.43,150,,,,,,,,,,,,,,,
9/16/20,HI,HI - Campaign 1,25360,416,9,115.54,75,75,,,,,,,,,,,,,,,
9/16/20,HI,HI - Campaign 2,15630,267,5,70.76,45.29,150,,,,,,,,,,,,,,,
9/17/20,HI,HI - Campaign 1,27077,421,9,130.56,75,75,,,,,,,,,,,,,,,
9/17/20,HI,HI - Campaign 2,15156,263,5,70.13,44.86,150,,,,,,,,,,,,,,,
9/18/20,HI,HI - Campaign 1,26301,422,11,134.74,75,75,,,,,,,,,,,,,,,
9/18/20,HI,HI - Campaign 2,15514,271,5,73.3,46.57,150,,,,,,,,,,,,,,,
9/19/20,HI,HI - Campaign 1,28795,447,9,115.71,75,75,,,,,,,,,,,,,,,
9/19/20,HI,HI - Campaign 2,14715,260,5,69.51,44.86,150,,,,,,,,,,,,,,,
9/20/20,HI,HI - Campaign 1,30308,455,9,112.64,75,75,,,,,,,,,,,,,,,
9/20/20,HI,HI - Campaign 2,13885,249,5,68.91,43.43,150,,,,,,,,,,,,,,,
9/21/20,HI,HI - Campaign 1,23599,393,10,127.82,75,75,,,,,,,,,,,,,,,
9/21/20,HI,HI - Campaign 2,13332,248,5,69.86,43.86,150,,,,,,,,,,,,,,,
9/22/20,HI,HI - Campaign 1,27594,399,11,130.67,75,75,,,,,,,,,,,,,,,
9/22/20,HI,HI - Campaign 2,13041,247,5,73.76,44,150,,,,,,,,,,,,,,,
9/23/20,HI,HI - Campaign 1,25910,414,8,100.14,75,75,,,,,,,,,,,,,,,
9/23/20,HI,HI - Campaign 2,12918,244,5,70.96,43.29,150,,,,,,,,,,,,,,,
9/24/20,HI,HI - Campaign 1,26796,421,10,118.3,75,75,,,,,,,,,,,,,,,
9/24/20,HI,HI - Campaign 2,12611,237,5,68.28,42.14,150,,,,,,,,,,,,,,,
9/25/20,HI,HI - Campaign 1,28202,421,11,138.86,75,75,,,,,,,,,,,,,,,
9/25/20,HI,HI - Campaign 2,12612,234,5,67.41,41.57,150,,,,,,,,,,,,,,,
9/26/20,HI,HI - Campaign 1,28978,443,9,132.75,75,75,,,,,,,,,,,,,,,
9/26/20,HI,HI - Campaign 2,12615,233,5,69.12,41.43,150,,,,,,,,,,,,,,,
9/27/20,HI,HI - Campaign 1,28761,451,7,97.81,75,75,,,,,,,,,,,,,,,
9/27/20,HI,HI - Campaign 2,12886,239,5,69.81,42.43,150,,,,,,,,,,,,,,,
9/28/20,HI,HI - Campaign 1,24415,395,8,113.34,75,75,,,,,,,,,,,,,,,
9/28/20,HI,HI - Campaign 2,13167,241,5,69.16,42.71,150,,,,,,,,,,,,,,,
9/29/20,HI,HI - Campaign 1,25204,405,9,121.19,75,75,,,,,,,,,,,,,,,
9/29/20,HI,HI - Campaign 2,12791,239,5,66.23,42.14,150,,,,,,,,,,,,,,,
9/30/20,HI,HI - Campaign 1,27925,438,7,100.56,75,75,,,,,,,,,,,,,,,
9/30/20,HI,HI - Campaign 2,12231,232,5,64.46,40.71,150,,,,,,,,,,,,,,,
10/1/20,HI,HI - Campaign 1,29180,439,9,141.66,75,75,,,,,,,,,,,,,,,
10/1/20,HI,HI - Campaign 2,12240,234,4,66.4,41,150,,,,,,,,,,,,,,,
10/2/20,HI,HI - Campaign 1,28046,462,11,141.32,75,75,,,,,,,,,,,,,,,
10/2/20,HI,HI - Campaign 2,11278,223,4,62.48,38.86,150,,,,,,,,,,,,,,,
10/3/20,HI,HI - Campaign 1,29495,482,8,122.88,75,75,,,,,,,,,,,,,,,
10/3/20,HI,HI - Campaign 2,10410,212,4,57.18,36.71,150,,,,,,,,,,,,,,,
10/4/20,HI,HI - Campaign 1,32456,489,7,105.02,75,75,,,,,,,,,,,,,,,
10/4/20,HI,HI - Campaign 2,9847,203,4,53.72,34.86,150,,,,,,,,,,,,,,,
10/5/20,HI,HI - Campaign 1,25164,416,9,107.43,75,75,,,,,,,,,,,,,,,
10/5/20,HI,HI - Campaign 2,9279,195,4,49.56,32.86,150,,,,,,,,,,,,,,,
10/6/20,HI,HI - Campaign 1,26564,424,8,98.2,75,75,,,,,,,,,,,,,,,
10/6/20,HI,HI - Campaign 2,9545,199,3,48.13,33.29,150,,,,,,,,,,,,,,,
10/7/20,HI,HI - Campaign 1,28325,435,8,115.86,75,75,,,,,,,,,,,,,,,
10/7/20,HI,HI - Campaign 2,9747,200,3,49.8,33.43,150,,,,,,,,,,,,,,,
10/8/20,HI,HI - Campaign 1,26948,428,9,133.06,75,75,,,,,,,,,,,,,,,
10/8/20,HI,HI - Campaign 2,9475,198,3,49.03,33.14,150,,,,,,,,,,,,,,,
10/9/20,HI,HI - Campaign 1,27936,443,9,132.72,75,75,,,,,,,,,,,,,,,
10/9/20,HI,HI - Campaign 2,9870,205,3,51.12,34.43,150,,,,,,,,,,,,,,,
10/10/20,HI,HI - Campaign 1,30380,454,9,112.58,75,75,,,,,,,,,,,,,,,
10/10/20,HI,HI - Campaign 2,10935,222,3,55.73,37.57,150,,,,,,,,,,,,,,,
10/11/20,HI,HI - Campaign 1,33236,469,8,101.78,75,75,,,,,,,,,,,,,,,
10/11/20,HI,HI - Campaign 2,12236,241,4,61.05,41.14,150,,,,,,,,,,,,,,,
10/12/20,HI,HI - Campaign 1,27636,404,7,99.32,75,75,,,,,,,,,,,,,,,
10/12/20,HI,HI - Campaign 2,13796,264,4,66.21,45.86,150,,,,,,,,,,,,,,,
10/13/20,HI,HI - Campaign 1,29574,403,7,97.65,75,75,,,,,,,,,,,,,,,
10/13/20,HI,HI - Campaign 2,15131,278,4,69.43,49,150,,,,,,,,,,,,,,,
10/14/20,HI,HI - Campaign 1,28386,430,11,133.62,75,75,,,,,,,,,,,,,,,
10/14/20,HI,HI - Campaign 2,14841,273,4,68.9,48.14,150,,,,,,,,,,,,,,,
10/15/20,HI,HI - Campaign 1,29893,461,12,143.71,75,75,,,,,,,,,,,,,,,
10/15/20,HI,HI - Campaign 2,14245,261,4,65.52,45.86,150,,,,,,,,,,,,,,,
10/16/20,HI,HI - Campaign 1,28312,432,10,119.21,75,75,,,,,,,,,,,,,,,
10/16/20,HI,HI - Campaign 2,14611,266,4,66.45,46.71,150,,,,,,,,,,,,,,,
10/17/20,HI,HI - Campaign 1,31975,464,10,114.78,75,75,,,,,,,,,,,,,,,
10/17/20,HI,HI - Campaign 2,14478,262,4,65.85,46,150,,,,,,,,,,,,,,,
10/18/20,HI,HI - Campaign 1,36031,479,8,114.92,75,75,,,,,,,,,,,,,,,
10/18/20,HI,HI - Campaign 2,14336,257,4,65.97,45,150,,,,,,,,,,,,,,,
10/19/20,HI,HI - Campaign 1,30230,415,8,121.24,75,75,,,,,,,,,,,,,,,
10/19/20,HI,HI - Campaign 2,13961,248,4,67.27,43.14,150,,,,,,,,,,,,,,,
10/20/20,HI,HI - Campaign 1,30797,440,10,122.64,75,75,,,,,,,,,,,,,,,
10/20/20,HI,HI - Campaign 2,12194,226,4,63.7,38.29,150,,,,,,,,,,,,,,,
10/21/20,HI,HI - Campaign 1,29813,440,11,140.95,75,75,,,,,,,,,,,,,,,
10/21/20,HI,HI - Campaign 2,12557,233,4,66.08,39.57,150,,,,,,,,,,,,,,,
10/22/20,HI,HI - Campaign 1,29601,434,10,120.54,75,75,,,,,,,,,,,,,,,
10/22/20,HI,HI - Campaign 2,12951,239,4,65.82,40.86,150,,,,,,,,,,,,,,,
10/23/20,HI,HI - Campaign 1,26965,440,11,118.03,75,75,,,,,,,,,,,,,,,
10/23/20,HI,HI - Campaign 2,12369,231,4,63.7,39.43,150,,,,,,,,,,,,,,,
10/24/20,HI,HI - Campaign 1,29707,473,11,152.68,75,75,,,,,,,,,,,,,,,
10/24/20,HI,HI - Campaign 2,11568,219,4,62,37.43,150,,,,,,,,,,,,,,,
10/25/20,HI,HI - Campaign 1,29856,471,8,96.79,75,75,,,,,,,,,,,,,,,
10/25/20,HI,HI - Campaign 2,11447,223,4,61.59,38.14,150,,,,,,,,,,,,,,,
10/26/20,HI,HI - Campaign 1,24881,417,9,120.31,75,75,,,,,,,,,,,,,,,
10/26/20,HI,HI - Campaign 2,11736,238,4,64.44,40.86,150,,,,,,,,,,,,,,,
10/27/20,HI,HI - Campaign 1,31581,459,9,113.03,75,75,,,,,,,,,,,,,,,
10/27/20,HI,HI - Campaign 2,12089,243,4,65.1,41.57,150,,,,,,,,,,,,,,,
10/28/20,HI,HI - Campaign 1,27697,433,8,118.06,75,75,,,,,,,,,,,,,,,
10/28/20,HI,HI - Campaign 2,12782,257,5,67.79,44,150,,,,,,,,,,,,,,,
10/29/20,HI,HI - Campaign 1,31653,496,8,105.9,75,75,,,,,,,,,,,,,,,
10/29/20,HI,HI - Campaign 2,12325,251,4,66.17,42.71,150,,,,,,,,,,,,,,,
10/30/20,HI,HI - Campaign 1,26065,466,9,112.14,68.26,75,,,,,,,,,,,,,,,
10/30/20,HI,HI - Campaign 2,11845,244,4,63.58,41.11,150,,,,,,,,,,,,,,,
10/31/20,HI,HI - Campaign 1,24975,450,7,117.9,58.47,75,,,,,,,,,,,,,,,
10/31/20,HI,HI - Campaign 2,11227,233,4,59.98,39.18,150,,,,,,,,,,,,,,,
11/1/20,HI,HI - Campaign 1,37618,607,9,124.74,75,75,,,,,,,,,,,,,,,
11/1/20,HI,HI - Campaign 2,9943,214,4,55.27,35.18,150,,,,,,,,,,,,,,,
11/2/20,HI,HI - Campaign 1,29087,524,11,136.88,75,75,,,,,,,,,,,,,,,
11/2/20,HI,HI - Campaign 2,7705,176,3,44.91,26.75,150,,,,,,,,,,,,,,,
11/3/20,HI,HI - Campaign 1,31478,519,12,154.02,72.5,75,,,,,,,,,,,,,,,
11/3/20,HI,HI - Campaign 2,5803,147,2,37.48,21.68,150,,,,,,,,,,,,,,,
11/4/20,HI,HI - Campaign 1,32871,499,9,117.04,71,75,,,,,,,,,,,,,,,
11/4/20,HI,HI - Campaign 2,3620,110,2,26.91,14.82,150,,,,,,,,,,,,,,,
11/5/20,HI,HI - Campaign 1,32304,518,10,134.33,67.91,75,,,,,,,,,,,,,,,
11/5/20,HI,HI - Campaign 2,3197,102,2,25.14,13.27,150,,,,,,,,,,,,,,,
11/6/20,HI,HI - Campaign 1,29180,501,10,108.11,67.7,75,,,,,,,,,,,,,,,
11/6/20,HI,HI - Campaign 2,3172,101,2,24.28,12.92,150,,,,,,,,,,,,,,,
11/7/20,HI,HI - Campaign 1,29488,559,12,146,73.72,75,,,,,,,,,,,,,,,
11/7/20,HI,HI - Campaign 2,3197,103,2,23.98,13.17,150,,,,,,,,,,,,,,,
11/8/20,HI,HI - Campaign 1,31457,551,9,120.81,75,75,,,,,,,,,,,,,,,
11/8/20,HI,HI - Campaign 2,3506,108,2,26.4,14.02,150,,,,,,,,,,,,,,,
11/9/20,HI,HI - Campaign 1,23813,462,9,112.81,75,75,,,,,,,,,,,,,,,
11/9/20,HI,HI - Campaign 2,4337,125,2,29.27,17.6,150,,,,,,,,,,,,,,,
11/10/20,HI,HI - Campaign 1,26357,505,10,123.86,75,75,,,,,,,,,,,,,,,
11/10/20,HI,HI - Campaign 2,5397,146,2,34.29,20.81,150,,,,,,,,,,,,,,,
11/11/20,HI,HI - Campaign 1,25252,502,10,122.54,75,75,,,,,,,,,,,,,,,
11/11/20,HI,HI - Campaign 2,6897,178,3,42.22,25.81,150,,,,,,,,,,,,,,,
11/12/20,HI,HI - Campaign 1,25367,513,10,117.86,75,75,,,,,,,,,,,,,,,
11/12/20,HI,HI - Campaign 2,7756,197,3,46,28.8,150,,,,,,,,,,,,,,,
11/13/20,HI,HI - Campaign 1,26116,508,11,128.47,75,75,,,,,,,,,,,,,,,
11/13/20,HI,HI - Campaign 2,8740,219,3,53.24,32.33,150,,,,,,,,,,,,,,,
11/14/20,HI,HI - Campaign 1,28729,596,10,134.32,75,75,,,,,,,,,,,,,,,
11/14/20,HI,HI - Campaign 2,9419,235,4,57.76,34.29,150,,,,,,,,,,,,,,,
11/15/20,HI,HI - Campaign 1,31160,587,12,128.68,75,75,,,,,,,,,,,,,,,
11/15/20,HI,HI - Campaign 2,9458,238,4,57.35,34.57,150,,,,,,,,,,,,,,,
11/16/20,HI,HI - Campaign 1,24781,505,10,125.86,75,75,,,,,,,,,,,,,,,
11/16/20,HI,HI - Campaign 2,8751,228,4,55.49,32.57,150,,,,,,,,,,,,,,,
11/17/20,HI,HI - Campaign 1,25270,510,8,117.67,75,75,,,,,,,,,,,,,,,
11/17/20,HI,HI - Campaign 2,9004,238,4,57.66,34.29,150,,,,,,,,,,,,,,,
11/18/20,HI,HI - Campaign 1,26197,521,10,137.07,75,75,,,,,,,,,,,,,,,
11/18/20,HI,HI - Campaign 2,9111,240,4,59.15,34.57,150,,,,,,,,,,,,,,,
11/19/20,HI,HI - Campaign 1,26950,519,11,166.06,75,75,,,,,,,,,,,,,,,
11/19/20,HI,HI - Campaign 2,9481,248,4,65.84,35.86,150,,,,,,,,,,,,,,,
11/20/20,HI,HI - Campaign 1,24365,509,10,130.65,75,75,,,,,,,,,,,,,,,
11/20/20,HI,HI - Campaign 2,9761,256,4,66.1,37,150,,,,,,,,,,,,,,,
11/21/20,HI,HI - Campaign 1,28281,558,9,136.43,75,75,,,,,,,,,,,,,,,
11/21/20,HI,HI - Campaign 2,10803,277,5,71.23,40.14,150,,,,,,,,,,,,,,,
11/22/20,HI,HI - Campaign 1,27652,553,10,147.47,75,75,,,,,,,,,,,,,,,
11/22/20,HI,HI - Campaign 2,11769,299,5,79.4,43.29,150,,,,,,,,,,,,,,,
11/23/20,HI,HI - Campaign 1,23285,472,9,156.06,75,75,,,,,,,,,,,,,,,
11/23/20,HI,HI - Campaign 2,13064,328,5,92.51,48.43,150,,,,,,,,,,,,,,,
11/24/20,HI,HI - Campaign 1,22022,450,7,117.7,75,75,,,,,,,,,,,,,,,
11/24/20,HI,HI - Campaign 2,14811,364,6,102.37,55.14,150,,,,,,,,,,,,,,,
11/25/20,HI,HI - Campaign 1,23493,502,9,133.05,75,75,,,,,,,,,,,,,,,
11/25/20,HI,HI - Campaign 2,14676,365,5,102.94,55.43,150,,,,,,,,,,,,,,,
11/26/20,HI,HI - Campaign 1,27434,539,9,134.24,75,75,,,,,,,,,,,,,,,
11/26/20,HI,HI - Campaign 2,13783,349,5,95.63,52.71,150,,,,,,,,,,,,,,,
11/27/20,HI,HI - Campaign 1,22102,474,10,136.63,75,75,,,,,,,,,,,,,,,
11/27/20,HI,HI - Campaign 2,13529,345,5,96.92,52.29,150,,,,,,,,,,,,,,,
11/28/20,HI,HI - Campaign 1,22389,501,9,118.54,75,75,,,,,,,,,,,,,,,
11/28/20,HI,HI - Campaign 2,12852,333,5,93.33,51.14,150,,,,,,,,,,,,,,,
11/29/20,HI,HI - Campaign 1,23092,501,8,96.69,75,75,,,,,,,,,,,,,,,
11/29/20,HI,HI - Campaign 2,12471,328,5,87.87,51,150,,,,,,,,,,,,,,,
11/30/20,HI,HI - Campaign 1,17520,435,8,141.63,75,75,,,,,,,,,,,,,,,
11/30/20,HI,HI - Campaign 2,11681,319,5,84.22,50.29,150,,,,,,,,,,,,,,,
12/1/20,HI,HI - Campaign 1,19579,448,8,149.87,54.8,75,,,,,,,,,,,,,,,
12/1/20,HI,HI - Campaign 2,8679,258,4,69.76,39.17,150,,,,,,,,,,,,,,,
12/2/20,HI,HI - Campaign 1,17344,424,7,125.57,48.74,75,,,,,,,,,,,,,,,
12/2/20,HI,HI - Campaign 2,7324,228,4,61.26,34.07,150,,,,,,,,,,,,,,,
12/3/20,HI,HI - Campaign 1,14587,375,5,80.76,39.19,75,,,,,,,,,,,,,,,
12/3/20,HI,HI - Campaign 2,7104,222,3,58.04,32.9,150,,,,,,,,,,,,,,,
12/4/20,HI,HI - Campaign 1,16048,398,7,114.76,44.99,75,,,,,,,,,,,,,,,
12/4/20,HI,HI - Campaign 2,6228,202,3,51.31,29.18,150,,,,,,,,,,,,,,,
12/5/20,HI,HI - Campaign 1,18724,431,7,91.77,46.8,75,,,,,,,,,,,,,,,
12/5/20,HI,HI - Campaign 2,5180,177,3,45.42,24.93,150,,,,,,,,,,,,,,,
12/6/20,HI,HI - Campaign 1,21711,487,6,77.42,54.46,75,,,,,,,,,,,,,,,
12/6/20,HI,HI - Campaign 2,3934,148,2,38.89,20,150,,,,,,,,,,,,,,,
12/7/20,HI,HI - Campaign 1,23608,534,6,131.04,75,75,,,,,,,,,,,,,,,
12/7/20,HI,HI - Campaign 2,2876,122,1,27.83,14.43,150,,,,,,,,,,,,,,,
12/8/20,HI,HI - Campaign 1,25950,561,6,106.98,71.58,75,,,,,,,,,,,,,,,
12/8/20,HI,HI - Campaign 2,3187,129,1,26.81,15.61,150,,,,,,,,,,,,,,,
12/9/20,HI,HI - Campaign 1,22945,527,6,128.2,67.45,75,,,,,,,,,,,,,,,
12/9/20,HI,HI - Campaign 2,3524,137,1,28.87,16.93,150,,,,,,,,,,,,,,,
12/10/20,HI,HI - Campaign 1,20335,452,5,115.8,55,75,,,,,,,,,,,,,,,
12/10/20,HI,HI - Campaign 2,3844,142,1,31.72,17.96,150,,,,,,,,,,,,,,,
12/11/20,HI,HI - Campaign 1,17894,410,7,115.93,49.59,75,,,,,,,,,,,,,,,
12/11/20,HI,HI - Campaign 2,4001,144,1,32.41,18.3,150,,,,,,,,,,,,,,,
12/12/20,HI,HI - Campaign 1,19969,454,7,124.61,50.29,75,,,,,,,,,,,,,,,
12/12/20,HI,HI - Campaign 2,4175,147,1,34.57,18.8,150,,,,,,,,,,,,,,,
12/13/20,HI,HI - Campaign 1,19606,435,7,109.9,44.6,75,,,,,,,,,,,,,,,
12/13/20,HI,HI - Campaign 2,4184,146,1,35.93,18.5,150,,,,,,,,,,,,,,,
12/14/20,HI,HI - Campaign 1,24476,593,9,180.64,75,75,,,,,,,,,,,,,,,
12/14/20,HI,HI - Campaign 2,4023,139,2,36.71,17.07,150,,,,,,,,,,,,,,,
12/15/20,HI,HI - Campaign 1,25022,578,6,144.89,69.35,75,,,,,,,,,,,,,,,
12/15/20,HI,HI - Campaign 2,4218,142,2,39.43,17.25,150,,,,,,,,,,,,,,,
12/16/20,HI,HI - Campaign 1,26580,588,10,186.04,67.2,75,,,,,,,,,,,,,,,
12/16/20,HI,HI - Campaign 2,4290,144,2,41.31,17.14,150,,,,,,,,,,,,,,,
12/17/20,HI,HI - Campaign 1,25156,584,10,162.01,73.2,75,,,,,,,,,,,,,,,
12/17/20,HI,HI - Campaign 2,4357,149,2,43.43,17.82,150,,,,,,,,,,,,,,,
12/18/20,HI,HI - Campaign 1,24570,561,9,135.07,72.42,75,,,,,,,,,,,,,,,
12/18/20,HI,HI - Campaign 2,4550,156,2,44.41,18.85,150,,,,,,,,,,,,,,,
12/19/20,HI,HI - Campaign 1,25425,570,9,122.34,75,75,,,,,,,,,,,,,,,
12/19/20,HI,HI - Campaign 2,5574,182,2,49.73,22.89,150,,,,,,,,,,,,,,,
12/20/20,HI,HI - Campaign 1,26865,584,9,118.67,75,75,,,,,,,,,,,,,,,
12/20/20,HI,HI - Campaign 2,6615,207,3,54.76,26.83,150,,,,,,,,,,,,,,,
12/21/20,HI,HI - Campaign 1,23857,529,8,137.18,75,75,,,,,,,,,,,,,,,
12/21/20,HI,HI - Campaign 2,7382,227,3,58.26,30.4,150,,,,,,,,,,,,,,,
12/22/20,HI,HI - Campaign 1,24892,521,7,104.36,75,75,,,,,,,,,,,,,,,
12/22/20,HI,HI - Campaign 2,8423,253,3,62.33,35.17,150,,,,,,,,,,,,,,,
12/23/20,HI,HI - Campaign 1,26885,563,7,114.51,75,75,,,,,,,,,,,,,,,
12/23/20,HI,HI - Campaign 2,8642,257,3,60.41,36.48,150,,,,,,,,,,,,,,,
12/24/20,HI,HI - Campaign 1,23227,502,7,131.17,57.55,75,,,,,,,,,,,,,,,
12/24/20,HI,HI - Campaign 2,8356,249,3,58.39,35.43,150,,,,,,,,,,,,,,,
12/25/20,HI,HI - Campaign 1,18150,396,4,88.73,38.46,75,,,,,,,,,,,,,,,
12/25/20,HI,HI - Campaign 2,7963,240,3,56.15,33.71,150,,,,,,,,,,,,,,,
12/26/20,HI,HI - Campaign 1,31454,696,7,135.29,75,75,,,,,,,,,,,,,,,
12/26/20,HI,HI - Campaign 2,7059,221,3,50.58,30.57,150,,,,,,,,,,,,,,,
12/27/20,HI,HI - Campaign 1,28323,600,5,55.77,59.84,75,,,,,,,,,,,,,,,
12/27/20,HI,HI - Campaign 2,6108,201,2,44,27.31,150,,,,,,,,,,,,,,,
12/28/20,HI,HI - Campaign 1,27495,631,7,79.32,75,75,,,,,,,,,,,,,,,
12/28/20,HI,HI - Campaign 2,4980,177,2,33.69,23.02,150,,,,,,,,,,,,,,,
12/29/20,HI,HI - Campaign 1,28673,600,7,76.75,75,75,,,,,,,,,,,,,,,
12/29/20,HI,HI - Campaign 2,4613,170,1,28.49,20.88,150,,,,,,,,,,,,,,,
12/30/20,HI,HI - Campaign 1,32928,646,6,74.38,75,75,,,,,,,,,,,,,,,
12/30/20,HI,HI - Campaign 2,4383,167,1,26.08,19.88,150,,,,,,,,,,,,,,,
12/31/20,HI,HI - Campaign 1,30326,587,5,70.88,71.32,75,,,,,,,,,,,,,,,
12/31/20,HI,HI - Campaign 2,6612,371,3,10.03,38.22,150,,,,,,,,,,,,,,,
1/3/20,Health,Health - Campaign 2,17384,508,14,128.59,87.36,400,,,,,,,,,,,,,,,
1/4/20,Health,Health - Campaign 2,15351,495,14,167.95,86.39,400,,,,,,,,,,,,,,,
1/5/20,Health,Health - Campaign 2,14221,453,12,123.21,72.77,400,,,,,,,,,,,,,,,
1/6/20,Health,Health - Campaign 2,18134,528,13,126.68,89.8,400,,,,,,,,,,,,,,,
1/20/20,Health,Health - Campaign 2,21078,569,14,130.67,96.57,400,,,,,,,,,,,,,,,
1/21/20,Health,Health - Campaign 2,22010,578,15,146.5,103.33,400,,,,,,,,,,,,,,,
1/22/20,Health,Health - Campaign 2,24101,633,15,157.63,115.07,400,,,,,,,,,,,,,,,
1/23/20,Health,Health - Campaign 2,25172,645,14,137.74,119.88,400,,,,,,,,,,,,,,,
1/12/20,Health,Health - Campaign 2,20108,547,13,119.6,89.55,400,,,,,,,,,,,,,,,
1/13/20,Health,Health - Campaign 2,25579,608,14,154.84,110.57,400,,,,,,,,,,,,,,,
1/14/20,Health,Health - Campaign 2,22484,569,12,129.02,98.68,400,,,,,,,,,,,,,,,
1/15/20,Health,Health - Campaign 2,20968,550,15,143.13,97.82,400,,,,,,,,,,,,,,,
1/1/20,Health,Health - Campaign 2,16606,497,11,120.98,83.8,400,,,,,,,,,,,,,,,
1/8/20,Health,Health - Campaign 2,19977,551,12,131.92,98.54,400,,,,,,,,,,,,,,,
1/10/20,Health,Health - Campaign 2,16016,421,12,103.83,73.83,400,,,,,,,,,,,,,,,
1/17/20,Health,Health - Campaign 2,17885,469,12,106.85,82.06,400,,,,,,,,,,,,,,,
1/19/20,Health,Health - Campaign 2,18492,536,14,140.53,93.2,400,,,,,,,,,,,,,,,
1/24/20,Health,Health - Campaign 2,21630,575,13,121.57,104.23,400,,,,,,,,,,,,,,,
1/26/20,Health,Health - Campaign 2,16489,484,13,125.96,83.36,400,,,,,,,,,,,,,,,
1/2/20,Health,Health - Campaign 2,19918,542,12,102.37,91.15,400,,,,,,,,,,,,,,,
1/7/20,Health,Health - Campaign 2,20587,563,14,129.02,98.61,400,,,,,,,,,,,,,,,
1/9/20,Health,Health - Campaign 2,18773,494,12,124.08,88.67,400,,,,,,,,,,,,,,,
1/11/20,Health,Health - Campaign 2,16168,456,11,103.48,75.93,400,,,,,,,,,,,,,,,
1/16/20,Health,Health - Campaign 2,20493,506,12,100.14,89.93,400,,,,,,,,,,,,,,,
1/18/20,Health,Health - Campaign 2,20821,587,14,157.36,127.28,400,,,,,,,,,,,,,,,
1/25/20,Health,Health - Campaign 2,19020,539,15,142.58,96.03,400,,,,,,,,,,,,,,,
2/6/20,Health,Health - Campaign 2,24154,542,13,123.6,106.63,400,,,,,,,,,,,,,,,
2/7/20,Health,Health - Campaign 2,22862,489,12,128.96,89.94,400,,,,,,,,,,,,,,,
2/8/20,Health,Health - Campaign 2,23037,521,13,149.59,94.01,400,,,,,,,,,,,,,,,
2/9/20,Health,Health - Campaign 2,23726,524,13,145.05,92.88,400,,,,,,,,,,,,,,,
2/22/20,Health,Health - Campaign 2,15996,446,12,122.92,77.45,400,,,,,,,,,,,,,,,
1/28/20,Health,Health - Campaign 2,25304,628,13,142.32,115.43,400,,,,,,,,,,,,,,,
1/29/20,Health,Health - Campaign 2,24778,620,16,157.72,114.71,400,,,,,,,,,,,,,,,
1/30/20,Health,Health - Campaign 2,24529,540,14,154.21,95.16,400,,,,,,,,,,,,,,,
1/31/20,Health,Health - Campaign 2,24241,522,12,130.88,92.35,400,,,,,,,,,,,,,,,
2/14/20,Health,Health - Campaign 2,15525,386,10,87,68.87,400,,,,,,,,,,,,,,,
2/15/20,Health,Health - Campaign 2,17475,479,13,144.95,84.28,400,,,,,,,,,,,,,,,
2/16/20,Health,Health - Campaign 2,19453,500,11,133.68,83.88,400,,,,,,,,,,,,,,,
2/17/20,Health,Health - Campaign 2,24350,621,14,152.4,115.57,400,,,,,,,,,,,,,,,
2/2/20,Health,Health - Campaign 2,22664,529,11,111.72,91.11,400,,,,,,,,,,,,,,,
2/4/20,Health,Health - Campaign 2,28617,631,15,137.5,129.63,400,,,,,,,,,,,,,,,
2/11/20,Health,Health - Campaign 2,21611,534,13,133.99,100.73,400,,,,,,,,,,,,,,,
2/13/20,Health,Health - Campaign 2,18913,476,12,107.55,87.89,400,,,,,,,,,,,,,,,
2/18/20,Health,Health - Campaign 2,19471,525,12,117.88,100.13,400,,,,,,,,,,,,,,,
2/20/20,Health,Health - Campaign 2,15958,407,12,113,72.85,400,,,,,,,,,,,,,,,
2/23/20,Health,Health - Campaign 2,15443,442,11,109.83,74.57,400,,,,,,,,,,,,,,,
2/24/20,Health,Health - Campaign 2,20793,561,17,155,106.05,400,,,,,,,,,,,,,,,
2/25/20,Health,Health - Campaign 2,17126,466,13,122.9,90.21,400,,,,,,,,,,,,,,,
3/10/20,Health,Health - Campaign 2,22940,524,15,148.66,102.01,400,,,,,,,,,,,,,,,
3/11/20,Health,Health - Campaign 2,27283,536,14,151.23,100.54,400,,,,,,,,,,,,,,,
3/12/20,Health,Health - Campaign 2,23052,522,16,130.61,103.33,400,,,,,,,,,,,,,,,
3/13/20,Health,Health - Campaign 2,34110,542,16,159.25,109.22,400,,,,,,,,,,,,,,,
3/2/20,Health,Health - Campaign 2,20362,518,13,115.9,98.84,400,,,,,,,,,,,,,,,
3/3/20,Health,Health - Campaign 2,18987,512,13,114.59,102.43,400,,,,,,,,,,,,,,,
3/4/20,Health,Health - Campaign 2,16025,447,12,125.72,87.72,400,,,,,,,,,,,,,,,
3/5/20,Health,Health - Campaign 2,20993,424,13,109.98,82.85,400,,,,,,,,,,,,,,,
3/18/20,Health,Health - Campaign 2,27041,743,22,220.74,159.17,400,,,,,,,,,,,,,,,
3/19/20,Health,Health - Campaign 2,27784,724,24,227.9,156.54,400,,,,,,,,,,,,,,,
1/27/20,Health,Health - Campaign 2,23393,609,15,142.11,111.8,400,,,,,,,,,,,,,,,
2/1/20,Health,Health - Campaign 2,21332,528,13,132.61,93.85,400,,,,,,,,,,,,,,,
2/3/20,Health,Health - Campaign 2,30787,676,15,143.15,136.37,400,,,,,,,,,,,,,,,
2/5/20,Health,Health - Campaign 2,25432,587,12,139.26,113.96,400,,,,,,,,,,,,,,,
2/10/20,Health,Health - Campaign 2,25610,600,14,140.04,107.74,400,,,,,,,,,,,,,,,
2/12/20,Health,Health - Campaign 2,19457,492,14,137.1,91.83,400,,,,,,,,,,,,,,,
2/19/20,Health,Health - Campaign 2,16366,453,13,95.52,84.43,400,,,,,,,,,,,,,,,
2/27/20,Health,Health - Campaign 2,16158,430,12,103.8,81.89,400,,,,,,,,,,,,,,,
2/29/20,Health,Health - Campaign 2,14403,396,10,120.13,68.02,400,,,,,,,,,,,,,,,
3/7/20,Health,Health - Campaign 2,22272,434,12,125.85,80.93,400,,,,,,,,,,,,,,,
3/9/20,Health,Health - Campaign 2,32124,503,13,137.46,92.78,400,,,,,,,,,,,,,,,
3/14/20,Health,Health - Campaign 2,24803,551,18,198.44,112.04,400,,,,,,,,,,,,,,,
3/16/20,Health,Health - Campaign 2,27381,749,22,200.56,170.72,400,,,,,,,,,,,,,,,
3/27/20,Health,Health - Campaign 2,34157,871,33,361.57,199.04,400,,,,,,,,,,,,,,,
3/28/20,Health,Health - Campaign 2,38409,1058,42,434.16,243.91,400,,,,,,,,,,,,,,,
3/29/20,Health,Health - Campaign 2,38611,1069,41,436.17,233.25,400,,,,,,,,,,,,,,,
3/30/20,Health,Health - Campaign 2,48148,1245,44,453.59,297.23,400,,,,,,,,,,,,,,,
4/12/20,Health,Health - Campaign 2,38336,951,34,382.19,230.65,400,,,,,,,,,,,,,,,
4/13/20,Health,Health - Campaign 2,50234,1097,39,368.72,287.92,400,,,,,,,,,,,,,,,
3/20/20,Health,Health - Campaign 2,26240,652,25,295.43,133.95,400,,,,,,,,,,,,,,,
3/21/20,Health,Health - Campaign 2,27173,752,28,289.34,152.78,400,,,,,,,,,,,,,,,
3/22/20,Health,Health - Campaign 2,33435,829,29,341.9,164.33,400,,,,,,,,,,,,,,,
4/4/20,Health,Health - Campaign 2,38857,1050,42,437,265.83,400,,,,,,,,,,,,,,,
4/5/20,Health,Health - Campaign 2,41098,1048,42,388.15,258.74,400,,,,,,,,,,,,,,,
4/6/20,Health,Health - Campaign 2,46450,1203,47,422.1,340.8,400,,,,,,,,,,,,,,,
4/7/20,Health,Health - Campaign 2,39885,1084,41,356.58,310.06,400,,,,,,,,,,,,,,,
3/23/20,Health,Health - Campaign 2,39291,1004,36,410.73,233.29,400,,,,,,,,,,,,,,,
3/25/20,Health,Health - Campaign 2,33524,906,33,342.42,213.24,400,,,,,,,,,,,,,,,
4/1/20,Health,Health - Campaign 2,36290,940,35,347.24,228.73,400,,,,,,,,,,,,,,,
4/3/20,Health,Health - Campaign 2,32694,857,37,374,206.88,400,,,,,,,,,,,,,,,
4/8/20,Health,Health - Campaign 2,37812,993,37,348.67,283.37,400,,,,,,,,,,,,,,,
4/10/20,Health,Health - Campaign 2,35368,865,35,336.06,211.48,400,,,,,,,,,,,,,,,
4/17/20,Health,Health - Campaign 2,42405,863,33,329.07,203.62,400,,,,,,,,,,,,,,,
4/14/20,Health,Health - Campaign 2,48048,1015,37,303.79,259.89,400,,,,,,,,,,,,,,,
4/15/20,Health,Health - Campaign 2,44716,882,32,324.56,215.9,400,,,,,,,,,,,,,,,
4/16/20,Health,Health - Campaign 2,38246,820,31,268.55,192.27,400,,,,,,,,,,,,,,,
4/29/20,Health,Health - Campaign 2,36933,871,32,300.75,216.58,400,,,,,,,,,,,,,,,
4/30/20,Health,Health - Campaign 2,33348,785,30,276.13,184.12,400,,,,,,,,,,,,,,,
5/1/20,Health,Health - Campaign 2,35120,817,32,297.39,199.92,400,,,,,,,,,,,,,,,
5/2/20,Health,Health - Campaign 2,36854,925,36,359.18,238.15,400,,,,,,,,,,,,,,,
4/21/20,Health,Health - Campaign 2,58388,1070,36,292.25,288.17,400,,,,,,,,,,,,,,,
4/22/20,Health,Health - Campaign 2,53096,973,33,303.61,248.98,400,,,,,,,,,,,,,,,
4/23/20,Health,Health - Campaign 2,50501,904,35,318.02,235.27,400,,,,,,,,,,,,,,,
4/24/20,Health,Health - Campaign 2,43482,791,30,295.11,195.63,400,,,,,,,,,,,,,,,
5/8/20,Health,Health - Campaign 2,37013,816,30,259.27,204.41,400,,,,,,,,,,,,,,,
5/9/20,Health,Health - Campaign 2,35523,821,33,339.21,197.44,400,,,,,,,,,,,,,,,
5/10/20,Health,Health - Campaign 2,29996,729,26,259.72,167.82,400,,,,,,,,,,,,,,,
4/19/20,Health,Health - Campaign 2,44979,958,35,313.42,236.4,400,,,,,,,,,,,,,,,
4/26/20,Health,Health - Campaign 2,39207,885,34,322.03,221.61,400,,,,,,,,,,,,,,,
4/28/20,Health,Health - Campaign 2,52642,1114,38,334.19,311.65,400,,,,,,,,,,,,,,,
5/3/20,Health,Health - Campaign 2,37972,963,35,355.63,249.9,400,,,,,,,,,,,,,,,
5/5/20,Health,Health - Campaign 2,46519,1038,35,321.05,274.02,400,,,,,,,,,,,,,,,
5/7/20,Health,Health - Campaign 2,37301,818,31,288.88,195.11,400,,,,,,,,,,,,,,,
5/12/20,Health,Health - Campaign 2,40592,902,30,261.13,223.95,400,,,,,,,,,,,,,,,
2/21/20,Health,Health - Campaign 2,15520,416,11,120.93,75.79,400,,,,,,,,,,,,,,,
2/26/20,Health,Health - Campaign 2,16662,450,11,101.72,83.42,400,,,,,,,,,,,,,,,
2/28/20,Health,Health - Campaign 2,14989,398,11,84.4,69.92,400,,,,,,,,,,,,,,,
3/1/20,Health,Health - Campaign 2,17143,451,12,96.84,79.81,400,,,,,,,,,,,,,,,
3/6/20,Health,Health - Campaign 2,20038,402,11,97.91,71.05,400,,,,,,,,,,,,,,,
3/8/20,Health,Health - Campaign 2,26309,434,10,118.09,75.92,400,,,,,,,,,,,,,,,
3/15/20,Health,Health - Campaign 2,23004,599,18,192.52,120.33,400,,,,,,,,,,,,,,,
3/17/20,Health,Health - Campaign 2,27411,769,23,220.04,172.19,400,,,,,,,,,,,,,,,
5/16/20,Health,Health - Campaign 2,35278,821,28,272.85,190.99,400,,,,,,,,,,,,,,,
5/17/20,Health,Health - Campaign 2,39398,852,30,280.49,194.97,400,,,,,,,,,,,,,,,
5/18/20,Health,Health - Campaign 2,39815,868,32,305.89,210.23,400,,,,,,,,,,,,,,,
5/19/20,Health,Health - Campaign 2,34550,761,29,243.43,184.08,400,,,,,,,,,,,,,,,
6/2/20,Health,Health - Campaign 2,38482,798,29,259.24,200.36,400,,,,,,,,,,,,,,,
6/3/20,Health,Health - Campaign 2,32597,724,27,244.71,177.14,400,,,,,,,,,,,,,,,
6/4/20,Health,Health - Campaign 2,36522,819,32,296.19,213.75,400,,,,,,,,,,,,,,,
5/11/20,Health,Health - Campaign 2,41272,917,32,305.27,228.74,400,,,,,,,,,,,,,,,
5/24/20,Health,Health - Campaign 2,34556,793,30,241.34,181.83,400,,,,,,,,,,,,,,,
5/25/20,Health,Health - Campaign 2,39990,895,30,289.54,227.05,400,,,,,,,,,,,,,,,
5/26/20,Health,Health - Campaign 2,56495,1169,40,320.48,346.37,400,,,,,,,,,,,,,,,
5/27/20,Health,Health - Campaign 2,41680,905,32,309.27,235.32,400,,,,,,,,,,,,,,,
5/14/20,Health,Health - Campaign 2,34121,737,27,247.44,165.68,400,,,,,,,,,,,,,,,
5/21/20,Health,Health - Campaign 2,36899,793,31,288.26,196.28,400,,,,,,,,,,,,,,,
5/23/20,Health,Health - Campaign 2,29819,719,30,268.57,168.18,400,,,,,,,,,,,,,,,
5/28/20,Health,Health - Campaign 2,34770,764,28,287.17,192.23,400,,,,,,,,,,,,,,,
5/30/20,Health,Health - Campaign 2,30279,654,23,203.75,147.63,400,,,,,,,,,,,,,,,
6/1/20,Health,Health - Campaign 2,38231,765,31,299.86,185.75,400,,,,,,,,,,,,,,,
6/6/20,Health,Health - Campaign 2,30991,759,29,274.69,192.52,400,,,,,,,,,,,,,,,
6/5/20,Health,Health - Campaign 2,39211,835,31,288.01,221.49,400,,,,,,,,,,,,,,,
6/18/20,Health,Health - Campaign 2,28629,648,27,241.14,157.62,400,,,,,,,,,,,,,,,
6/19/20,Health,Health - Campaign 2,26925,596,22,189.66,147.08,400,,,,,,,,,,,,,,,
6/20/20,Health,Health - Campaign 2,22553,538,22,198.79,122.09,400,,,,,,,,,,,,,,,
6/21/20,Health,Health - Campaign 2,25016,573,18,166.95,126.36,400,,,,,,,,,,,,,,,
3/24/20,Health,Health - Campaign 2,37827,993,33,331.09,237.19,400,,,,,,,,,,,,,,,
3/26/20,Health,Health - Campaign 2,37413,930,34,347.14,220.17,400,,,,,,,,,,,,,,,
3/31/20,Health,Health - Campaign 2,46583,1209,42,432.24,289.73,400,,,,,,,,,,,,,,,
4/2/20,Health,Health - Campaign 2,32585,879,36,403,212.79,400,,,,,,,,,,,,,,,
4/9/20,Health,Health - Campaign 2,34270,798,33,331.18,195.94,400,,,,,,,,,,,,,,,
4/11/20,Health,Health - Campaign 2,34274,884,38,345.49,214.69,400,,,,,,,,,,,,,,,
6/10/20,Health,Health - Campaign 2,38270,786,28,238.6,199.5,400,,,,,,,,,,,,,,,
6/11/20,Health,Health - Campaign 2,33983,704,27,226.88,173.86,400,,,,,,,,,,,,,,,
6/12/20,Health,Health - Campaign 2,29749,632,22,203.99,151.25,400,,,,,,,,,,,,,,,
6/13/20,Health,Health - Campaign 2,27090,642,26,233.83,154.45,400,,,,,,,,,,,,,,,
6/27/20,Health,Health - Campaign 2,21560,530,21,184.46,118.36,400,,,,,,,,,,,,,,,
6/28/20,Health,Health - Campaign 2,28564,635,22,219.27,143.68,400,,,,,,,,,,,,,,,
6/29/20,Health,Health - Campaign 2,39668,811,27,240.35,200.26,400,,,,,,,,,,,,,,,
6/30/20,Health,Health - Campaign 2,37934,808,26,223.18,204.93,400,,,,,,,,,,,,,,,
6/8/20,Health,Health - Campaign 2,36657,811,29,233.33,213.06,400,,,,,,,,,,,,,,,
6/15/20,Health,Health - Campaign 2,36875,751,26,284.05,177.85,400,,,,,,,,,,,,,,,
6/17/20,Health,Health - Campaign 2,35166,728,24,201.04,177.32,400,,,,,,,,,,,,,,,
6/22/20,Health,Health - Campaign 2,37814,795,26,262.94,186.41,400,,,,,,,,,,,,,,,
6/24/20,Health,Health - Campaign 2,31346,688,20,191.17,156.6,400,,,,,,,,,,,,,,,
6/26/20,Health,Health - Campaign 2,23596,533,20,191.03,123.25,400,,,,,,,,,,,,,,,
7/1/20,Health,Health - Campaign 2,33374,706,24,189.99,176.16,400,,,,,,,,,,,,,,,
7/5/20,Health,Health - Campaign 2,26418,583,21,211.77,125.37,400,,,,,,,,,,,,,,,
7/6/20,Health,Health - Campaign 2,37725,753,26,261.46,174.75,400,,,,,,,,,,,,,,,
7/7/20,Health,Health - Campaign 2,37761,787,26,247.19,188.82,400,,,,,,,,,,,,,,,
7/8/20,Health,Health - Campaign 2,33604,694,25,238.65,164.19,400,,,,,,,,,,,,,,,
7/22/20,Health,Health - Campaign 2,30649,710,23,205.13,169.31,400,,,,,,,,,,,,,,,
7/23/20,Health,Health - Campaign 2,29871,669,22,246.95,157.61,400,,,,,,,,,,,,,,,
7/24/20,Health,Health - Campaign 2,23440,538,19,215.91,123.72,400,,,,,,,,,,,,,,,
7/25/20,Health,Health - Campaign 2,22936,570,23,232.91,135.41,400,,,,,,,,,,,,,,,
7/3/20,Health,Health - Campaign 2,25745,584,21,194.52,140.12,400,,,,,,,,,,,,,,,
7/10/20,Health,Health - Campaign 2,25790,585,22,220.34,143.73,400,,,,,,,,,,,,,,,
7/12/20,Health,Health - Campaign 2,26780,640,22,217.9,154.03,400,,,,,,,,,,,,,,,
7/19/20,Health,Health - Campaign 2,25531,607,22,246.61,138.47,400,,,,,,,,,,,,,,,
7/21/20,Health,Health - Campaign 2,32012,723,26,229.33,183.64,400,,,,,,,,,,,,,,,
7/26/20,Health,Health - Campaign 2,27864,647,23,244.81,152.57,400,,,,,,,,,,,,,,,
8/7/20,Health,Health - Campaign 2,20649,513,16,141.84,113.53,400,,,,,,,,,,,,,,,
8/8/20,Health,Health - Campaign 2,22033,557,20,224.44,123.41,400,,,,,,,,,,,,,,,
8/9/20,Health,Health - Campaign 2,22504,550,18,195.17,126.69,400,,,,,,,,,,,,,,,
8/10/20,Health,Health - Campaign 2,28833,650,21,212.04,151.59,400,,,,,,,,,,,,,,,
8/11/20,Health,Health - Campaign 2,31300,673,20,201.85,164.32,400,,,,,,,,,,,,,,,
7/13/20,Health,Health - Campaign 2,32700,718,26,242.49,176.33,400,,,,,,,,,,,,,,,
7/14/20,Health,Health - Campaign 2,28825,657,24,240.31,163.51,400,,,,,,,,,,,,,,,
7/15/20,Health,Health - Campaign 2,27860,631,22,178.34,151.48,400,,,,,,,,,,,,,,,
7/16/20,Health,Health - Campaign 2,28044,610,22,221.27,143.62,400,,,,,,,,,,,,,,,
7/17/20,Health,Health - Campaign 2,26843,576,21,207.73,135.66,400,,,,,,,,,,,,,,,
4/18/20,Health,Health - Campaign 2,41703,887,34,345.5,216.12,400,,,,,,,,,,,,,,,
4/20/20,Health,Health - Campaign 2,51616,1018,36,307.3,260.51,400,,,,,,,,,,,,,,,
4/25/20,Health,Health - Campaign 2,43332,807,31,278.81,198.8,400,,,,,,,,,,,,,,,
4/27/20,Health,Health - Campaign 2,46712,985,34,279.29,266.72,400,,,,,,,,,,,,,,,
5/4/20,Health,Health - Campaign 2,52122,1130,38,358,305.2,400,,,,,,,,,,,,,,,
5/6/20,Health,Health - Campaign 2,41030,902,32,294.12,218.6,400,,,,,,,,,,,,,,,
7/28/20,Health,Health - Campaign 2,38764,842,24,256.89,218.53,400,,,,,,,,,,,,,,,
8/4/20,Health,Health - Campaign 2,33084,699,19,221.6,162.93,400,,,,,,,,,,,,,,,
8/6/20,Health,Health - Campaign 2,24336,578,17,164.14,134.27,400,,,,,,,,,,,,,,,
8/13/20,Health,Health - Campaign 2,23755,547,18,191.08,124.89,400,,,,,,,,,,,,,,,
8/15/20,Health,Health - Campaign 2,19781,485,18,190.27,112.74,400,,,,,,,,,,,,,,,
8/20/20,Health,Health - Campaign 2,25260,553,18,181.24,131.57,400,,,,,,,,,,,,,,,
8/22/20,Health,Health - Campaign 2,25713,611,19,187.2,144.4,400,,,,,,,,,,,,,,,
8/24/20,Health,Health - Campaign 2,31425,639,20,216.59,155.41,400,,,,,,,,,,,,,,,
8/25/20,Health,Health - Campaign 2,27301,559,20,203.2,127.94,400,,,,,,,,,,,,,,,
8/26/20,Health,Health - Campaign 2,17546,385,14,130.44,92.94,400,,,,,,,,,,,,,,,
8/27/20,Health,Health - Campaign 2,29009,584,21,189.44,143.72,400,,,,,,,,,,,,,,,
9/10/20,Health,Health - Campaign 2,32264,638,21,208.58,165.16,400,,,,,,,,,,,,,,,
9/11/20,Health,Health - Campaign 2,24694,520,19,181.1,130.8,400,,,,,,,,,,,,,,,
9/12/20,Health,Health - Campaign 2,22101,501,19,207.42,121.99,400,,,,,,,,,,,,,,,
9/13/20,Health,Health - Campaign 2,21171,463,16,150.41,107.8,400,,,,,,,,,,,,,,,
7/30/20,Health,Health - Campaign 2,36773,733,20,211.17,178.33,400,,,,,,,,,,,,,,,
7/31/20,Health,Health - Campaign 2,34505,648,22,227.12,152.79,400,,,,,,,,,,,,,,,
8/1/20,Health,Health - Campaign 2,32277,617,22,235.09,132.67,400,,,,,,,,,,,,,,,
8/2/20,Health,Health - Campaign 2,32857,630,19,210.16,138.43,400,,,,,,,,,,,,,,,
8/16/20,Health,Health - Campaign 2,23244,565,18,209.27,132.13,400,,,,,,,,,,,,,,,
8/17/20,Health,Health - Campaign 2,31499,702,22,222.36,175.31,400,,,,,,,,,,,,,,,
8/18/20,Health,Health - Campaign 2,28621,662,22,221.03,166.29,400,,,,,,,,,,,,,,,
8/19/20,Health,Health - Campaign 2,27889,628,20,186.81,149.57,400,,,,,,,,,,,,,,,
8/29/20,Health,Health - Campaign 2,28206,573,16,172.2,127.95,400,,,,,,,,,,,,,,,
8/31/20,Health,Health - Campaign 2,39194,756,23,217,195.53,400,,,,,,,,,,,,,,,
9/7/20,Health,Health - Campaign 2,26318,588,19,204.25,140.99,400,,,,,,,,,,,,,,,
9/9/20,Health,Health - Campaign 2,31868,658,22,204.11,174.94,400,,,,,,,,,,,,,,,
9/14/20,Health,Health - Campaign 2,28579,591,22,221.86,155.7,400,,,,,,,,,,,,,,,
9/16/20,Health,Health - Campaign 2,28121,569,22,206.99,154.69,400,,,,,,,,,,,,,,,
9/27/20,Health,Health - Campaign 2,28195,664,19,210,149.79,400,,,,,,,,,,,,,,,
9/28/20,Health,Health - Campaign 2,34024,690,23,251.83,171.09,400,,,,,,,,,,,,,,,
9/29/20,Health,Health - Campaign 2,31658,628,18,179.58,165.17,400,,,,,,,,,,,,,,,
9/30/20,Health,Health - Campaign 2,30759,579,19,187.32,143.21,400,,,,,,,,,,,,,,,
10/13/20,Health,Health - Campaign 2,35715,755,27,227.75,222.25,400,,,,,,,,,,,,,,,
10/14/20,Health,Health - Campaign 2,29194,627,23,239.06,175.09,400,,,,,,,,,,,,,,,
5/13/20,Health,Health - Campaign 2,37432,823,29,249.59,204.37,400,,,,,,,,,,,,,,,
5/15/20,Health,Health - Campaign 2,31581,731,28,248.66,166.7,400,,,,,,,,,,,,,,,
5/20/20,Health,Health - Campaign 2,38010,797,29,270.69,201.79,400,,,,,,,,,,,,,,,
5/22/20,Health,Health - Campaign 2,34499,763,30,266.03,182.25,400,,,,,,,,,,,,,,,
5/29/20,Health,Health - Campaign 2,27839,615,26,206.73,145.11,400,,,,,,,,,,,,,,,
5/31/20,Health,Health - Campaign 2,33525,707,25,199.1,155.51,400,,,,,,,,,,,,,,,
10/15/20,Health,Health - Campaign 2,25063,547,20,212.82,143.79,400,,,,,,,,,,,,,,,
10/16/20,Health,Health - Campaign 2,22959,501,19,208.81,133.9,400,,,,,,,,,,,,,,,
10/30/20,Health,Health - Campaign 2,22181,551,15,118,125.18,400,,,,,,,,,,,,,,,
10/31/20,Health,Health - Campaign 2,15473,389,14,129.32,88.96,400,,,,,,,,,,,,,,,
11/1/20,Health,Health - Campaign 2,16892,453,16,148.7,108.7,400,,,,,,,,,,,,,,,
11/2/20,Health,Health - Campaign 2,19897,494,19,186.05,121.65,400,,,,,,,,,,,,,,,
9/2/20,Health,Health - Campaign 2,30099,605,19,188.18,142.19,400,,,,,,,,,,,,,,,
9/3/20,Health,Health - Campaign 2,29196,608,18,155.87,139.52,400,,,,,,,,,,,,,,,
9/4/20,Health,Health - Campaign 2,25982,553,18,196.36,125.62,400,,,,,,,,,,,,,,,
9/5/20,Health,Health - Campaign 2,22208,519,19,221.1,119.95,400,,,,,,,,,,,,,,,
9/18/20,Health,Health - Campaign 2,23332,491,18,210.89,126.9,400,,,,,,,,,,,,,,,
9/19/20,Health,Health - Campaign 2,21550,505,20,215.51,129.95,400,,,,,,,,,,,,,,,
6/7/20,Health,Health - Campaign 2,27979,702,28,239.18,171.29,400,,,,,,,,,,,,,,,
6/9/20,Health,Health - Campaign 2,42590,881,30,257.94,236.62,400,,,,,,,,,,,,,,,
6/14/20,Health,Health - Campaign 2,29605,646,23,206.81,152.41,400,,,,,,,,,,,,,,,
6/16/20,Health,Health - Campaign 2,49515,978,30,316.98,267.54,400,,,,,,,,,,,,,,,
6/23/20,Health,Health - Campaign 2,42346,889,29,270.92,230.7,400,,,,,,,,,,,,,,,
6/25/20,Health,Health - Campaign 2,28786,651,22,244.37,156.41,400,,,,,,,,,,,,,,,
11/16/20,Health,Health - Campaign 2,19448,491,18,165,125.66,400,,,,,,,,,,,,,,,
11/17/20,Health,Health - Campaign 2,18175,485,20,182.91,125.27,400,,,,,,,,,,,,,,,
11/18/20,Health,Health - Campaign 2,21329,553,21,214.06,151.92,400,,,,,,,,,,,,,,,
11/19/20,Health,Health - Campaign 2,18470,505,20,221.91,132.36,400,,,,,,,,,,,,,,,
12/2/20,Health,Health - Campaign 2,21195,620,22,232.52,178.63,400,,,,,,,,,,,,,,,
12/3/20,Health,Health - Campaign 2,16795,521,12,207.33,137.32,400,,,,,,,,,,,,,,,
12/4/20,Health,Health - Campaign 2,15293,478,25,200.97,125.41,400,,,,,,,,,,,,,,,
9/20/20,Health,Health - Campaign 2,21388,495,18,217.82,128.15,400,,,,,,,,,,,,,,,
9/21/20,Health,Health - Campaign 2,25316,541,21,203.52,136.67,400,,,,,,,,,,,,,,,
10/5/20,Health,Health - Campaign 2,29792,685,21,214.93,175.23,400,,,,,,,,,,,,,,,
10/6/20,Health,Health - Campaign 2,27882,667,22,196.36,167.13,400,,,,,,,,,,,,,,,
10/7/20,Health,Health - Campaign 2,25053,583,21,208.88,157.28,400,,,,,,,,,,,,,,,
10/8/20,Health,Health - Campaign 2,22871,513,20,209.47,131.68,400,,,,,,,,,,,,,,,
12/5/20,Health,Health - Campaign 2,14899,481,20,195.75,120.61,400,,,,,,,,,,,,,,,
12/6/20,Health,Health - Campaign 2,18289,541,16,212.02,135.55,400,,,,,,,,,,,,,,,
12/19/20,Health,Health - Campaign 2,24710,652,16,239.93,168.19,400,,,,,,,,,,,,,,,
12/20/20,Health,Health - Campaign 2,27430,704,22,258.3,178.22,400,,,,,,,,,,,,,,,
12/21/20,Health,Health - Campaign 2,31236,765,33,264.49,201.55,400,,,,,,,,,,,,,,,
12/22/20,Health,Health - Campaign 2,29561,704,21,208.96,182.08,400,,,,,,,,,,,,,,,
7/2/20,Health,Health - Campaign 2,28916,635,23,239.04,149.57,400,,,,,,,,,,,,,,,
7/4/20,Health,Health - Campaign 2,22055,501,20,194.79,109.24,400,,,,,,,,,,,,,,,
7/9/20,Health,Health - Campaign 2,29771,678,23,192.44,164.31,400,,,,,,,,,,,,,,,
7/11/20,Health,Health - Campaign 2,23331,581,22,228.83,145.41,400,,,,,,,,,,,,,,,
7/18/20,Health,Health - Campaign 2,24575,577,19,198.24,132.66,400,,,,,,,,,,,,,,,
7/20/20,Health,Health - Campaign 2,30314,688,21,197.29,194.2,400,,,,,,,,,,,,,,,
7/27/20,Health,Health - Campaign 2,40384,863,25,247.82,218.24,400,,,,,,,,,,,,,,,
10/22/20,Health,Health - Campaign 2,24882,575,23,208.77,156.27,400,,,,,,,,,,,,,,,
10/23/20,Health,Health - Campaign 2,20676,504,19,208.24,132.04,400,,,,,,,,,,,,,,,
10/24/20,Health,Health - Campaign 2,18094,467,20,196.36,117.25,400,,,,,,,,,,,,,,,
10/25/20,Health,Health - Campaign 2,20934,534,21,187.51,138.07,400,,,,,,,,,,,,,,,
11/7/20,Health,Health - Campaign 2,15935,432,19,182.93,110.58,400,,,,,,,,,,,,,,,
11/8/20,Health,Health - Campaign 2,19978,522,19,199.78,130.93,400,,,,,,,,,,,,,,,
11/9/20,Health,Health - Campaign 2,24806,635,23,209.81,168.78,400,,,,,,,,,,,,,,,
11/10/20,Health,Health - Campaign 2,22061,586,19,182.88,146.2,400,,,,,,,,,,,,,,,
7/29/20,Health,Health - Campaign 2,35938,772,23,224.16,191.56,400,,,,,,,,,,,,,,,
8/3/20,Health,Health - Campaign 2,38983,713,22,227.92,165.69,400,,,,,,,,,,,,,,,
8/5/20,Health,Health - Campaign 2,28743,662,23,216.71,158.81,400,,,,,,,,,,,,,,,
8/12/20,Health,Health - Campaign 2,24512,572,18,195.86,140.76,400,,,,,,,,,,,,,,,
8/14/20,Health,Health - Campaign 2,23222,541,20,213,122.81,400,,,,,,,,,,,,,,,
8/21/20,Health,Health - Campaign 2,24224,550,19,188.37,125.51,400,,,,,,,,,,,,,,,
11/11/20,Health,Health - Campaign 2,24036,611,21,209.44,159.75,400,,,,,,,,,,,,,,,
11/24/20,Health,Health - Campaign 2,20342,603,20,197.26,148.7,400,,,,,,,,,,,,,,,
11/25/20,Health,Health - Campaign 2,16381,479,18,197.65,116.05,400,,,,,,,,,,,,,,,
11/26/20,Health,Health - Campaign 2,13209,408,15,167.96,94.93,400,,,,,,,,,,,,,,,
11/27/20,Health,Health - Campaign 2,17964,543,19,217.1,135.5,400,,,,,,,,,,,,,,,
8/23/20,Health,Health - Campaign 2,24781,555,19,196.25,120.53,400,,,,,,,,,,,,,,,
8/28/20,Health,Health - Campaign 2,26124,533,18,168.43,120.73,400,,,,,,,,,,,,,,,
8/30/20,Health,Health - Campaign 2,35418,727,21,211.59,175.87,400,,,,,,,,,,,,,,,
9/1/20,Health,Health - Campaign 2,31487,630,20,194.56,151.07,400,,,,,,,,,,,,,,,
9/6/20,Health,Health - Campaign 2,20961,502,20,202.75,117.87,400,,,,,,,,,,,,,,,
9/8/20,Health,Health - Campaign 2,33407,690,24,214.83,185.64,400,,,,,,,,,,,,,,,
9/15/20,Health,Health - Campaign 2,29135,592,21,197.59,159.92,400,,,,,,,,,,,,,,,
12/11/20,Health,Health - Campaign 2,20685,551,12,192.57,146.51,400,,,,,,,,,,,,,,,
12/12/20,Health,Health - Campaign 2,20062,543,18,176.03,145.01,400,,,,,,,,,,,,,,,
12/13/20,Health,Health - Campaign 2,18722,514,18,192.67,124.59,400,,,,,,,,,,,,,,,
12/14/20,Health,Health - Campaign 2,29260,727,23,255,202.27,400,,,,,,,,,,,,,,,
12/28/20,Health,Health - Campaign 2,29624,766,27,314.25,230.91,400,,,,,,,,,,,,,,,
12/29/20,Health,Health - Campaign 2,33722,851,30,351.88,268.21,400,,,,,,,,,,,,,,,
12/30/20,Health,Health - Campaign 2,29026,742,21,316.47,202.68,400,,,,,,,,,,,,,,,
12/31/20,Health,Health - Campaign 2,23134,571,23,269.4,158.3,400,,,,,,,,,,,,,,,
9/17/20,Health,Health - Campaign 2,26182,539,20,212.72,136.9,400,,,,,,,,,,,,,,,
9/22/20,Health,Health - Campaign 2,24166,498,17,173.82,129.07,400,,,,,,,,,,,,,,,
9/24/20,Health,Health - Campaign 2,26170,540,19,206.9,137.27,400,,,,,,,,,,,,,,,
9/26/20,Health,Health - Campaign 2,25823,612,19,206.05,133.19,400,,,,,,,,,,,,,,,
10/1/20,Health,Health - Campaign 2,26756,549,20,192.87,133.9,400,,,,,,,,,,,,,,,
10/3/20,Health,Health - Campaign 2,22124,525,21,218.95,126.51,400,,,,,,,,,,,,,,,
10/10/20,Health,Health - Campaign 2,22278,539,21,205.85,137.28,400,,,,,,,,,,,,,,,
10/12/20,Health,Health - Campaign 2,32539,694,25,292.18,191.92,400,,,,,,,,,,,,,,,
10/17/20,Health,Health - Campaign 2,21516,517,20,214.69,139.34,400,,,,,,,,,,,,,,,
10/19/20,Health,Health - Campaign 2,28620,631,21,213.11,170.46,400,,,,,,,,,,,,,,,
10/21/20,Health,Health - Campaign 2,25369,580,23,223.83,159.5,400,,,,,,,,,,,,,,,
10/26/20,Health,Health - Campaign 2,26673,655,25,216.5,181.63,400,,,,,,,,,,,,,,,
10/28/20,Health,Health - Campaign 2,27740,654,23,200.32,191.84,400,,,,,,,,,,,,,,,
11/4/20,Health,Health - Campaign 2,16698,434,17,200.8,111.73,400,,,,,,,,,,,,,,,
11/6/20,Health,Health - Campaign 2,16866,441,19,176.23,111.49,400,,,,,,,,,,,,,,,
11/13/20,Health,Health - Campaign 2,19760,491,18,197.11,126.54,400,,,,,,,,,,,,,,,
11/15/20,Health,Health - Campaign 2,16287,456,16,165.05,112.36,400,,,,,,,,,,,,,,,
11/20/20,Health,Health - Campaign 2,16257,481,19,185.27,111.78,400,,,,,,,,,,,,,,,
11/22/20,Health,Health - Campaign 2,14654,461,17,183.04,103.95,400,,,,,,,,,,,,,,,
11/29/20,Health,Health - Campaign 2,23273,709,23,245.23,188.74,400,,,,,,,,,,,,,,,
12/1/20,Health,Health - Campaign 2,22085,522,16,246.46,168.29,400,,,,,,,,,,,,,,,
12/8/20,Health,Health - Campaign 2,19301,561,20,193.58,147.91,400,,,,,,,,,,,,,,,
12/10/20,Health,Health - Campaign 2,18727,511,19,206.79,136.13,400,,,,,,,,,,,,,,,
12/15/20,Health,Health - Campaign 2,30967,827,32,250.93,222.9,400,,,,,,,,,,,,,,,
12/17/20,Health,Health - Campaign 2,22160,553,19,207.84,136.13,400,,,,,,,,,,,,,,,
12/24/20,Health,Health - Campaign 2,18743,501,19,205.66,139.17,400,,,,,,,,,,,,,,,
12/26/20,Health,Health - Campaign 2,23576,639,27,325.2,186.14,400,,,,,,,,,,,,,,,
9/23/20,Health,Health - Campaign 2,26252,525,18,171.45,132.82,400,,,,,,,,,,,,,,,
9/25/20,Health,Health - Campaign 2,25214,552,18,164.43,123.53,400,,,,,,,,,,,,,,,
10/2/20,Health,Health - Campaign 2,21399,483,19,209.02,113.47,400,,,,,,,,,,,,,,,
10/4/20,Health,Health - Campaign 2,21138,512,19,201.32,119.17,400,,,,,,,,,,,,,,,
10/9/20,Health,Health - Campaign 2,21526,468,19,177.14,116.32,400,,,,,,,,,,,,,,,
10/11/20,Health,Health - Campaign 2,24010,573,19,199.4,145.75,400,,,,,,,,,,,,,,,
10/18/20,Health,Health - Campaign 2,23746,563,20,201.14,149.16,400,,,,,,,,,,,,,,,
10/20/20,Health,Health - Campaign 2,25424,569,21,185.99,152.55,400,,,,,,,,,,,,,,,
10/27/20,Health,Health - Campaign 2,23194,549,20,172.02,149.39,400,,,,,,,,,,,,,,,
10/29/20,Health,Health - Campaign 2,23086,577,22,218.11,153.79,400,,,,,,,,,,,,,,,
11/3/20,Health,Health - Campaign 2,17572,447,15,143.25,108.55,400,,,,,,,,,,,,,,,
11/5/20,Health,Health - Campaign 2,18257,484,20,243.64,133.13,400,,,,,,,,,,,,,,,
11/12/20,Health,Health - Campaign 2,22900,580,21,196.54,153.77,400,,,,,,,,,,,,,,,
11/14/20,Health,Health - Campaign 2,15719,435,18,193.88,106.62,400,,,,,,,,,,,,,,,
11/21/20,Health,Health - Campaign 2,16066,497,17,193.78,106.02,400,,,,,,,,,,,,,,,
11/23/20,Health,Health - Campaign 2,17908,542,18,184.29,128.89,400,,,,,,,,,,,,,,,
11/28/20,Health,Health - Campaign 2,19125,594,22,254.86,155.11,400,,,,,,,,,,,,,,,
11/30/20,Health,Health - Campaign 2,28048,784,24,256.75,210.15,400,,,,,,,,,,,,,,,
12/7/20,Health,Health - Campaign 2,20357,589,19,207.3,155.34,400,,,,,,,,,,,,,,,
12/9/20,Health,Health - Campaign 2,19022,528,14,175.3,141.76,400,,,,,,,,,,,,,,,
12/16/20,Health,Health - Campaign 2,27420,675,15,213.13,183.49,400,,,,,,,,,,,,,,,
12/18/20,Health,Health - Campaign 2,21823,547,25,225,135.67,400,,,,,,,,,,,,,,,
12/23/20,Health,Health - Campaign 2,24223,633,18,229,166.27,400,,,,,,,,,,,,,,,
12/25/20,Health,Health - Campaign 2,14165,396,16,165.44,106.75,400,,,,,,,,,,,,,,,
12/27/20,Health,Health - Campaign 2,25004,715,28,315.48,210.38,400,,,,,,,,,,,,,,,
1/12/20,Health,Health - Campaign 1,397,16,0,2.4,1.45,50,,,,,,,,,,,,,,,
1/13/20,Health,Health - Campaign 1,562,17,0,1.16,1.43,50,,,,,,,,,,,,,,,
1/14/20,Health,Health - Campaign 1,551,16,0,1.98,1.32,50,,,,,,,,,,,,,,,
1/15/20,Health,Health - Campaign 1,505,15,0,1.87,1.18,50,,,,,,,,,,,,,,,
1/3/20,Health,Health - Campaign 1,512,17,0,1.41,1.64,50,,,,,,,,,,,,,,,
1/4/20,Health,Health - Campaign 1,402,17,0,2.05,1.61,50,,,,,,,,,,,,,,,
1/5/20,Health,Health - Campaign 1,331,14,0,1.79,1.23,50,,,,,,,,,,,,,,,
1/6/20,Health,Health - Campaign 1,373,14,0,1.32,1.2,50,,,,,,,,,,,,,,,
1/7/20,Health,Health - Campaign 1,467,16,0,0.98,1.39,50,,,,,,,,,,,,,,,
1/20/20,Health,Health - Campaign 1,523,16,0,2.33,1.43,50,,,,,,,,,,,,,,,
1/21/20,Health,Health - Campaign 1,602,19,0,2.5,1.67,50,,,,,,,,,,,,,,,
1/22/20,Health,Health - Campaign 1,687,21,0,2.37,1.93,50,,,,,,,,,,,,,,,
1/23/20,Health,Health - Campaign 1,726,21,0,1.26,2.12,50,,,,,,,,,,,,,,,
1/2/20,Health,Health - Campaign 1,640,20,0,1.63,1.85,50,,,,,,,,,,,,,,,
1/9/20,Health,Health - Campaign 1,458,15,0,0.92,1.33,50,,,,,,,,,,,,,,,
1/11/20,Health,Health - Campaign 1,344,13,0,0.52,1.07,50,,,,,,,,,,,,,,,
1/16/20,Health,Health - Campaign 1,507,13,0,0.86,1.07,50,,,,,,,,,,,,,,,
1/18/20,Health,Health - Campaign 1,292,11,0,1.64,0.72,50,,,,,,,,,,,,,,,
1/25/20,Health,Health - Campaign 1,502,18,0,4.42,1.97,50,,,,,,,,,,,,,,,
1/1/20,Health,Health - Campaign 1,471,20,0,0.69,1.87,50,,,,,,,,,,,,,,,
1/8/20,Health,Health - Campaign 1,570,16,0,3.08,1.46,50,,,,,,,,,,,,,,,
1/10/20,Health,Health - Campaign 1,399,14,0,1.17,1.17,50,,,,,,,,,,,,,,,
1/17/20,Health,Health - Campaign 1,366,12,0,1.15,0.94,50,,,,,,,,,,,,,,,
1/19/20,Health,Health - Campaign 1,247,10,0,1.47,0.8,50,,,,,,,,,,,,,,,
1/24/20,Health,Health - Campaign 1,609,18,1,4.43,1.77,50,,,,,,,,,,,,,,,
1/28/20,Health,Health - Campaign 1,879,26,0,7.68,2.57,50,,,,,,,,,,,,,,,
1/29/20,Health,Health - Campaign 1,782,22,0,4.28,2.29,50,,,,,,,,,,,,,,,
1/30/20,Health,Health - Campaign 1,720,19,0,2.79,1.84,50,,,,,,,,,,,,,,,
1/31/20,Health,Health - Campaign 1,679,17,0,1.12,1.65,50,,,,,,,,,,,,,,,
2/1/20,Health,Health - Campaign 1,592,19,0,3.39,2.15,50,,,,,,,,,,,,,,,
2/14/20,Health,Health - Campaign 1,319,11,0,0,1.13,50,,,,,,,,,,,,,,,
2/15/20,Health,Health - Campaign 1,373,17,0,2.05,1.72,50,,,,,,,,,,,,,,,
2/16/20,Health,Health - Campaign 1,432,19,0,2.32,2.12,50,,,,,,,,,,,,,,,
2/17/20,Health,Health - Campaign 1,602,21,0,3.6,2.43,50,,,,,,,,,,,,,,,
2/6/20,Health,Health - Campaign 1,530,14,0,0.4,1.37,50,,,,,,,,,,,,,,,
2/7/20,Health,Health - Campaign 1,455,12,0,2.04,1.06,50,,,,,,,,,,,,,,,
2/8/20,Health,Health - Campaign 1,333,11,0,2.41,0.99,50,,,,,,,,,,,,,,,
2/9/20,Health,Health - Campaign 1,365,12,0,1.95,1.12,50,,,,,,,,,,,,,,,
2/22/20,Health,Health - Campaign 1,346,15,0,4.08,1.55,50,,,,,,,,,,,,,,,
2/23/20,Health,Health - Campaign 1,325,15,0,3.17,1.43,50,,,,,,,,,,,,,,,
1/27/20,Health,Health - Campaign 1,697,23,0,1.89,2.2,50,,,,,,,,,,,,,,,
2/3/20,Health,Health - Campaign 1,897,22,0,1.85,2.63,50,,,,,,,,,,,,,,,
2/5/20,Health,Health - Campaign 1,679,19,0,1.74,2.04,50,,,,,,,,,,,,,,,
2/10/20,Health,Health - Campaign 1,544,15,0,0.96,1.26,50,,,,,,,,,,,,,,,
2/12/20,Health,Health - Campaign 1,427,13,0,0.9,1.17,50,,,,,,,,,,,,,,,
2/19/20,Health,Health - Campaign 1,470,17,0,2.48,1.57,50,,,,,,,,,,,,,,,
2/21/20,Health,Health - Campaign 1,358,14,0,1.07,1.21,50,,,,,,,,,,,,,,,
3/2/20,Health,Health - Campaign 1,564,20,0,3.1,2.16,50,,,,,,,,,,,,,,,
3/3/20,Health,Health - Campaign 1,457,16,0,1.41,1.57,50,,,,,,,,,,,,,,,
3/4/20,Health,Health - Campaign 1,372,13,0,1.28,1.28,50,,,,,,,,,,,,,,,
3/5/20,Health,Health - Campaign 1,468,13,0,1.02,1.15,50,,,,,,,,,,,,,,,
2/24/20,Health,Health - Campaign 1,544,19,0,3,1.95,50,,,,,,,,,,,,,,,
2/25/20,Health,Health - Campaign 1,525,17,0,2.1,1.79,50,,,,,,,,,,,,,,,
2/26/20,Health,Health - Campaign 1,615,22,0,1.28,2.58,50,,,,,,,,,,,,,,,
3/10/20,Health,Health - Campaign 1,630,19,0,3.34,1.99,50,,,,,,,,,,,,,,,
3/11/20,Health,Health - Campaign 1,679,17,0,0.77,1.46,50,,,,,,,,,,,,,,,
3/12/20,Health,Health - Campaign 1,587,17,0,1.39,1.67,50,,,,,,,,,,,,,,,
3/13/20,Health,Health - Campaign 1,973,19,0,3.75,1.78,50,,,,,,,,,,,,,,,
1/26/20,Health,Health - Campaign 1,431,17,0,1.04,1.64,50,,,,,,,,,,,,,,,
2/2/20,Health,Health - Campaign 1,622,18,0,2.28,1.89,50,,,,,,,,,,,,,,,
2/4/20,Health,Health - Campaign 1,786,21,0,1.5,2.37,50,,,,,,,,,,,,,,,
2/11/20,Health,Health - Campaign 1,484,14,0,4.01,1.27,50,,,,,,,,,,,,,,,
2/13/20,Health,Health - Campaign 1,413,12,0,0.45,1.11,50,,,,,,,,,,,,,,,
2/18/20,Health,Health - Campaign 1,491,18,0,1.12,1.87,50,,,,,,,,,,,,,,,
2/20/20,Health,Health - Campaign 1,401,13,0,2,1.15,50,,,,,,,,,,,,,,,
2/28/20,Health,Health - Campaign 1,504,20,0,1.6,2.08,50,,,,,,,,,,,,,,,
3/1/20,Health,Health - Campaign 1,444,19,0,1.16,2.19,50,,,,,,,,,,,,,,,
3/6/20,Health,Health - Campaign 1,390,12,0,2.09,0.95,50,,,,,,,,,,,,,,,
3/8/20,Health,Health - Campaign 1,441,12,0,2.91,1.08,50,,,,,,,,,,,,,,,
3/15/20,Health,Health - Campaign 1,642,22,0,5.48,2.67,50,,,,,,,,,,,,,,,
3/17/20,Health,Health - Campaign 1,803,25,0,4.96,2.81,50,,,,,,,,,,,,,,,
3/19/20,Health,Health - Campaign 1,799,24,0,3.1,2.46,50,,,,,,,,,,,,,,,
3/20/20,Health,Health - Campaign 1,721,19,1,4.57,2.05,50,,,,,,,,,,,,,,,
3/21/20,Health,Health - Campaign 1,656,21,1,2.66,2.22,50,,,,,,,,,,,,,,,
3/22/20,Health,Health - Campaign 1,865,26,1,7.1,2.67,50,,,,,,,,,,,,,,,
4/4/20,Health,Health - Campaign 1,58,2,0,0,0.17,50,,,,,,,,,,,,,,,
4/5/20,Health,Health - Campaign 1,75,2,0,0.85,0.26,50,,,,,,,,,,,,,,,
4/6/20,Health,Health - Campaign 1,475,16,0,3.9,2.2,50,,,,,,,,,,,,,,,
4/7/20,Health,Health - Campaign 1,826,27,1,5.42,3.94,50,,,,,,,,,,,,,,,
3/27/20,Health,Health - Campaign 1,1012,32,1,6.43,3.96,50,,,,,,,,,,,,,,,
3/28/20,Health,Health - Campaign 1,1039,38,1,7.84,5.09,50,,,,,,,,,,,,,,,
3/29/20,Health,Health - Campaign 1,974,36,1,5.83,4.75,50,,,,,,,,,,,,,,,
3/30/20,Health,Health - Campaign 1,1307,42,1,8.41,5.77,50,,,,,,,,,,,,,,,
4/13/20,Health,Health - Campaign 1,1465,42,1,6.28,7.08,50,,,,,,,,,,,,,,,
4/14/20,Health,Health - Campaign 1,1890,46,1,13.21,8.11,50,,,,,,,,,,,,,,,
3/24/20,Health,Health - Campaign 1,1036,31,1,6.91,3.81,50,,,,,,,,,,,,,,,
3/26/20,Health,Health - Campaign 1,1151,30,1,4.86,3.83,50,,,,,,,,,,,,,,,
3/31/20,Health,Health - Campaign 1,1431,44,1,8.76,6.27,50,,,,,,,,,,,,,,,
4/2/20,Health,Health - Campaign 1,79,2,0,0,0.21,50,,,,,,,,,,,,,,,
4/9/20,Health,Health - Campaign 1,817,23,1,5.82,3.06,50,,,,,,,,,,,,,,,
4/11/20,Health,Health - Campaign 1,823,30,2,13.51,4.31,50,,,,,,,,,,,,,,,
4/21/20,Health,Health - Campaign 1,1165,28,1,3.75,4.83,50,,,,,,,,,,,,,,,
4/22/20,Health,Health - Campaign 1,1187,26,1,3.39,4.02,50,,,,,,,,,,,,,,,
4/23/20,Health,Health - Campaign 1,1137,25,0,3.98,3.73,50,,,,,,,,,,,,,,,
4/24/20,Health,Health - Campaign 1,1063,22,1,3.89,3.37,50,,,,,,,,,,,,,,,
5/8/20,Health,Health - Campaign 1,710,18,0,1.73,2.59,50,,,,,,,,,,,,,,,
5/9/20,Health,Health - Campaign 1,616,22,1,8.79,3.56,50,,,,,,,,,,,,,,,
5/10/20,Health,Health - Campaign 1,519,21,1,3.28,3.18,50,,,,,,,,,,,,,,,
4/15/20,Health,Health - Campaign 1,1506,32,1,7.44,5.1,50,,,,,,,,,,,,,,,
4/16/20,Health,Health - Campaign 1,1157,27,1,5.45,3.73,50,,,,,,,,,,,,,,,
4/29/20,Health,Health - Campaign 1,938,23,1,5.25,3.42,50,,,,,,,,,,,,,,,
4/30/20,Health,Health - Campaign 1,895,21,0,2.87,2.88,50,,,,,,,,,,,,,,,
5/1/20,Health,Health - Campaign 1,829,20,1,6.61,3.08,50,,,,,,,,,,,,,,,
5/2/20,Health,Health - Campaign 1,676,22,1,3.82,3.85,50,,,,,,,,,,,,,,,
5/3/20,Health,Health - Campaign 1,626,23,1,6.37,4.1,50,,,,,,,,,,,,,,,
4/18/20,Health,Health - Campaign 1,902,25,1,9.5,3.88,50,,,,,,,,,,,,,,,
4/20/20,Health,Health - Campaign 1,1121,29,1,2.7,4.49,50,,,,,,,,,,,,,,,
4/25/20,Health,Health - Campaign 1,972,23,1,6.19,3.2,50,,,,,,,,,,,,,,,
4/27/20,Health,Health - Campaign 1,1036,25,1,4.71,4.28,50,,,,,,,,,,,,,,,
5/4/20,Health,Health - Campaign 1,792,22,1,4,3.8,50,,,,,,,,,,,,,,,
5/6/20,Health,Health - Campaign 1,925,22,1,3.88,3.4,50,,,,,,,,,,,,,,,
2/27/20,Health,Health - Campaign 1,631,24,0,4.2,3.11,50,,,,,,,,,,,,,,,
2/29/20,Health,Health - Campaign 1,399,18,0,2.87,1.98,50,,,,,,,,,,,,,,,
3/7/20,Health,Health - Campaign 1,382,12,0,2.15,1.07,50,,,,,,,,,,,,,,,
3/9/20,Health,Health - Campaign 1,630,14,0,1.54,1.22,50,,,,,,,,,,,,,,,
3/14/20,Health,Health - Campaign 1,647,18,0,4.56,1.96,50,,,,,,,,,,,,,,,
3/16/20,Health,Health - Campaign 1,737,25,0,2.44,3.28,50,,,,,,,,,,,,,,,
5/11/20,Health,Health - Campaign 1,933,28,1,2.73,4.26,50,,,,,,,,,,,,,,,
5/24/20,Health,Health - Campaign 1,515,20,0,2.66,3.17,50,,,,,,,,,,,,,,,
5/25/20,Health,Health - Campaign 1,595,23,1,5.46,3.95,50,,,,,,,,,,,,,,,
5/26/20,Health,Health - Campaign 1,889,29,1,3.52,5.63,50,,,,,,,,,,,,,,,
5/27/20,Health,Health - Campaign 1,835,22,0,3.73,3.68,50,,,,,,,,,,,,,,,
5/28/20,Health,Health - Campaign 1,723,18,1,6.83,2.77,50,,,,,,,,,,,,,,,
5/16/20,Health,Health - Campaign 1,569,20,1,5.15,3.01,50,,,,,,,,,,,,,,,
5/17/20,Health,Health - Campaign 1,592,21,1,8.51,3.03,50,,,,,,,,,,,,,,,
5/18/20,Health,Health - Campaign 1,661,20,1,7.11,2.77,50,,,,,,,,,,,,,,,
5/19/20,Health,Health - Campaign 1,699,20,1,4.57,2.92,50,,,,,,,,,,,,,,,
6/2/20,Health,Health - Campaign 1,578,17,0,2.76,2.64,50,,,,,,,,,,,,,,,
6/3/20,Health,Health - Campaign 1,475,14,0,3.29,1.86,50,,,,,,,,,,,,,,,
6/4/20,Health,Health - Campaign 1,517,15,0,4.81,2.25,50,,,,,,,,,,,,,,,
6/5/20,Health,Health - Campaign 1,539,16,0,0.99,2.51,50,,,,,,,,,,,,,,,
5/13/20,Health,Health - Campaign 1,878,24,1,4.41,3.63,50,,,,,,,,,,,,,,,
5/15/20,Health,Health - Campaign 1,598,17,0,1.34,2.3,50,,,,,,,,,,,,,,,
5/20/20,Health,Health - Campaign 1,699,21,1,5.31,3.21,50,,,,,,,,,,,,,,,
5/22/20,Health,Health - Campaign 1,547,18,0,2.97,2.75,50,,,,,,,,,,,,,,,
5/29/20,Health,Health - Campaign 1,525,15,0,2.27,1.89,50,,,,,,,,,,,,,,,
5/31/20,Health,Health - Campaign 1,432,17,0,1.9,2.49,50,,,,,,,,,,,,,,,
6/10/20,Health,Health - Campaign 1,572,16,0,1.4,2.5,50,,,,,,,,,,,,,,,
6/11/20,Health,Health - Campaign 1,505,14,0,3.12,2.14,50,,,,,,,,,,,,,,,
6/12/20,Health,Health - Campaign 1,423,11,0,1.01,1.75,50,,,,,,,,,,,,,,,
6/13/20,Health,Health - Campaign 1,281,10,0,4.17,1.55,50,,,,,,,,,,,,,,,
6/27/20,Health,Health - Campaign 1,313,11,0,3.54,1.64,50,,,,,,,,,,,,,,,
6/28/20,Health,Health - Campaign 1,417,14,0,5.73,2.32,50,,,,,,,,,,,,,,,
6/29/20,Health,Health - Campaign 1,617,18,0,3.65,2.74,50,,,,,,,,,,,,,,,
6/30/20,Health,Health - Campaign 1,644,18,0,2.82,3.07,50,,,,,,,,,,,,,,,
3/18/20,Health,Health - Campaign 1,827,26,1,6.26,2.83,50,,,,,,,,,,,,,,,
3/23/20,Health,Health - Campaign 1,1078,29,1,4.27,3.71,50,,,,,,,,,,,,,,,
3/25/20,Health,Health - Campaign 1,1056,30,0,1.58,3.76,50,,,,,,,,,,,,,,,
4/1/20,Health,Health - Campaign 1,576,16,0,1.76,2.27,50,,,,,,,,,,,,,,,
4/3/20,Health,Health - Campaign 1,52,1,0,0,0.12,50,,,,,,,,,,,,,,,
4/8/20,Health,Health - Campaign 1,661,20,1,2.33,2.63,50,,,,,,,,,,,,,,,
4/10/20,Health,Health - Campaign 1,810,27,1,9.94,3.52,50,,,,,,,,,,,,,,,
4/12/20,Health,Health - Campaign 1,897,34,1,10.81,5.35,50,,,,,,,,,,,,,,,
6/18/20,Health,Health - Campaign 1,541,15,0,2.86,2.38,50,,,,,,,,,,,,,,,
6/19/20,Health,Health - Campaign 1,481,13,0,1.34,1.92,50,,,,,,,,,,,,,,,
6/20/20,Health,Health - Campaign 1,347,12,1,2.21,1.91,50,,,,,,,,,,,,,,,
6/21/20,Health,Health - Campaign 1,336,11,0,3.05,1.64,50,,,,,,,,,,,,,,,
6/22/20,Health,Health - Campaign 1,646,18,1,4.06,2.59,50,,,,,,,,,,,,,,,
6/7/20,Health,Health - Campaign 1,318,11,0,5.82,1.71,50,,,,,,,,,,,,,,,
6/9/20,Health,Health - Campaign 1,570,15,0,2.06,2.38,50,,,,,,,,,,,,,,,
6/14/20,Health,Health - Campaign 1,304,11,0,4.19,1.59,50,,,,,,,,,,,,,,,
6/16/20,Health,Health - Campaign 1,926,23,1,6.02,4.46,50,,,,,,,,,,,,,,,
6/23/20,Health,Health - Campaign 1,735,19,0,2.08,3.3,50,,,,,,,,,,,,,,,
6/25/20,Health,Health - Campaign 1,518,16,1,5.63,2.59,50,,,,,,,,,,,,,,,
7/14/20,Health,Health - Campaign 1,552,16,0,3.69,2.49,50,,,,,,,,,,,,,,,
7/15/20,Health,Health - Campaign 1,582,17,0,2.66,2.52,50,,,,,,,,,,,,,,,
7/16/20,Health,Health - Campaign 1,567,17,0,3.73,2.38,50,,,,,,,,,,,,,,,
7/17/20,Health,Health - Campaign 1,524,17,0,4.27,2.34,50,,,,,,,,,,,,,,,
7/2/20,Health,Health - Campaign 1,552,16,1,3.96,2.43,50,,,,,,,,,,,,,,,
7/4/20,Health,Health - Campaign 1,314,12,0,3.21,1.76,50,,,,,,,,,,,,,,,
7/9/20,Health,Health - Campaign 1,587,17,1,3.56,2.69,50,,,,,,,,,,,,,,,
7/11/20,Health,Health - Campaign 1,365,14,0,4.17,2.59,50,,,,,,,,,,,,,,,
7/13/20,Health,Health - Campaign 1,573,17,0,5.51,2.67,50,,,,,,,,,,,,,,,
7/18/20,Health,Health - Campaign 1,380,14,0,2.76,2.34,50,,,,,,,,,,,,,,,
7/20/20,Health,Health - Campaign 1,515,15,0,1.71,2.8,50,,,,,,,,,,,,,,,
7/27/20,Health,Health - Campaign 1,1098,33,1,4.18,6.76,50,,,,,,,,,,,,,,,
7/30/20,Health,Health - Campaign 1,3885,38,1,4.83,6.67,50,,,,,,,,,,,,,,,
7/31/20,Health,Health - Campaign 1,3478,30,1,6.88,5.21,50,,,,,,,,,,,,,,,
8/1/20,Health,Health - Campaign 1,2831,27,0,3.91,4.33,50,,,,,,,,,,,,,,,
8/2/20,Health,Health - Campaign 1,3408,31,0,1.84,4.57,50,,,,,,,,,,,,,,,
8/16/20,Health,Health - Campaign 1,342,13,0,1.73,1.87,50,,,,,,,,,,,,,,,
8/17/20,Health,Health - Campaign 1,633,18,0,7.64,2.69,50,,,,,,,,,,,,,,,
8/18/20,Health,Health - Campaign 1,667,19,0,1.97,2.71,50,,,,,,,,,,,,,,,
8/19/20,Health,Health - Campaign 1,640,17,0,3.19,2.43,50,,,,,,,,,,,,,,,
7/5/20,Health,Health - Campaign 1,362,13,0,5.23,1.63,50,,,,,,,,,,,,,,,
7/6/20,Health,Health - Campaign 1,653,17,0,2.54,2.25,50,,,,,,,,,,,,,,,
7/7/20,Health,Health - Campaign 1,764,20,1,6.81,3.18,50,,,,,,,,,,,,,,,
7/8/20,Health,Health - Campaign 1,648,19,0,2.35,2.81,50,,,,,,,,,,,,,,,
7/22/20,Health,Health - Campaign 1,503,16,1,4.87,2.69,50,,,,,,,,,,,,,,,
7/23/20,Health,Health - Campaign 1,522,16,1,6.05,2.39,50,,,,,,,,,,,,,,,
7/24/20,Health,Health - Campaign 1,465,15,0,4.09,2.28,50,,,,,,,,,,,,,,,
7/25/20,Health,Health - Campaign 1,493,19,1,12.09,3.59,50,,,,,,,,,,,,,,,
4/17/20,Health,Health - Campaign 1,1088,28,1,2.93,4.38,50,,,,,,,,,,,,,,,
4/19/20,Health,Health - Campaign 1,956,29,1,7.58,4.6,50,,,,,,,,,,,,,,,
4/26/20,Health,Health - Campaign 1,837,23,1,5.97,3.39,50,,,,,,,,,,,,,,,
4/28/20,Health,Health - Campaign 1,1205,31,1,5.81,5.35,50,,,,,,,,,,,,,,,
5/5/20,Health,Health - Campaign 1,770,22,1,5.95,3.98,50,,,,,,,,,,,,,,,
5/7/20,Health,Health - Campaign 1,793,20,1,4.12,2.89,50,,,,,,,,,,,,,,,
7/29/20,Health,Health - Campaign 1,1177,31,1,4.84,6.44,50,,,,,,,,,,,,,,,
8/3/20,Health,Health - Campaign 1,4166,30,0,1.08,4.31,50,,,,,,,,,,,,,,,
8/5/20,Health,Health - Campaign 1,666,14,0,2.29,2.19,50,,,,,,,,,,,,,,,
8/7/20,Health,Health - Campaign 1,454,11,0,1.16,1.47,50,,,,,,,,,,,,,,,
8/12/20,Health,Health - Campaign 1,380,10,0,2.14,1.24,50,,,,,,,,,,,,,,,
8/14/20,Health,Health - Campaign 1,353,11,0,2,1.19,50,,,,,,,,,,,,,,,
8/21/20,Health,Health - Campaign 1,423,11,0,2.63,1.49,50,,,,,,,,,,,,,,,
9/2/20,Health,Health - Campaign 1,1056,26,1,5.82,4.81,50,,,,,,,,,,,,,,,
9/3/20,Health,Health - Campaign 1,938,26,1,3.13,4.48,50,,,,,,,,,,,,,,,
9/4/20,Health,Health - Campaign 1,743,20,1,4.64,3.38,50,,,,,,,,,,,,,,,
9/5/20,Health,Health - Campaign 1,516,18,1,3.9,3.05,50,,,,,,,,,,,,,,,
9/18/20,Health,Health - Campaign 1,824,18,1,5.11,3.1,50,,,,,,,,,,,,,,,
8/8/20,Health,Health - Campaign 1,340,12,0,1.56,1.59,50,,,,,,,,,,,,,,,
8/9/20,Health,Health - Campaign 1,302,10,0,0.83,1.31,50,,,,,,,,,,,,,,,
8/10/20,Health,Health - Campaign 1,455,11,0,1.96,1.41,50,,,,,,,,,,,,,,,
8/11/20,Health,Health - Campaign 1,514,13,0,0.15,1.68,50,,,,,,,,,,,,,,,
8/24/20,Health,Health - Campaign 1,548,12,0,1.41,1.59,50,,,,,,,,,,,,,,,
8/23/20,Health,Health - Campaign 1,358,11,0,0.75,1.47,50,,,,,,,,,,,,,,,
8/30/20,Health,Health - Campaign 1,656,20,1,3.41,4.13,50,,,,,,,,,,,,,,,
9/1/20,Health,Health - Campaign 1,919,22,1,2.44,3.93,50,,,,,,,,,,,,,,,
9/6/20,Health,Health - Campaign 1,371,13,0,2.25,2.13,50,,,,,,,,,,,,,,,
9/8/20,Health,Health - Campaign 1,774,20,1,4.17,3.36,50,,,,,,,,,,,,,,,
9/15/20,Health,Health - Campaign 1,899,22,0,3.41,4.08,50,,,,,,,,,,,,,,,
9/17/20,Health,Health - Campaign 1,883,19,0,2.28,3.1,50,,,,,,,,,,,,,,,
9/19/20,Health,Health - Campaign 1,551,17,0,3.49,3.05,50,,,,,,,,,,,,,,,
9/20/20,Health,Health - Campaign 1,522,15,0,2.18,2.85,50,,,,,,,,,,,,,,,
9/21/20,Health,Health - Campaign 1,657,14,0,2.48,2.33,50,,,,,,,,,,,,,,,
9/22/20,Health,Health - Campaign 1,588,12,1,5.18,1.93,50,,,,,,,,,,,,,,,
10/5/20,Health,Health - Campaign 1,702,19,0,2.07,2.77,50,,,,,,,,,,,,,,,
10/6/20,Health,Health - Campaign 1,806,26,0,1.64,3.87,50,,,,,,,,,,,,,,,
10/7/20,Health,Health - Campaign 1,798,21,1,4.12,3.72,50,,,,,,,,,,,,,,,
10/8/20,Health,Health - Campaign 1,700,16,0,2.53,2.32,50,,,,,,,,,,,,,,,
5/12/20,Health,Health - Campaign 1,963,25,1,2.87,4.05,50,,,,,,,,,,,,,,,
5/14/20,Health,Health - Campaign 1,743,18,1,6.56,2.32,50,,,,,,,,,,,,,,,
5/21/20,Health,Health - Campaign 1,589,19,1,5.74,2.72,50,,,,,,,,,,,,,,,
5/23/20,Health,Health - Campaign 1,442,18,1,10.43,2.82,50,,,,,,,,,,,,,,,
5/30/20,Health,Health - Campaign 1,430,16,0,3.25,2.37,50,,,,,,,,,,,,,,,
6/1/20,Health,Health - Campaign 1,552,16,0,3.14,2.25,50,,,,,,,,,,,,,,,
10/22/20,Health,Health - Campaign 1,635,16,0,2.23,2.73,50,,,,,,,,,,,,,,,
10/23/20,Health,Health - Campaign 1,507,12,0,0.76,1.96,50,,,,,,,,,,,,,,,
10/24/20,Health,Health - Campaign 1,339,11,0,3.64,1.75,50,,,,,,,,,,,,,,,
10/25/20,Health,Health - Campaign 1,393,12,0,2.49,1.93,50,,,,,,,,,,,,,,,
11/8/20,Health,Health - Campaign 1,339,11,0,5.22,2.07,50,,,,,,,,,,,,,,,
11/9/20,Health,Health - Campaign 1,502,13,0,3.19,2.22,50,,,,,,,,,,,,,,,
8/25/20,Health,Health - Campaign 1,602,14,0,3.8,2.06,50,,,,,,,,,,,,,,,
8/26/20,Health,Health - Campaign 1,551,13,0,3.56,2.06,50,,,,,,,,,,,,,,,
8/27/20,Health,Health - Campaign 1,801,18,0,3.56,3.28,50,,,,,,,,,,,,,,,
8/28/20,Health,Health - Campaign 1,578,15,0,2.57,2.27,50,,,,,,,,,,,,,,,
9/10/20,Health,Health - Campaign 1,902,23,0,4.42,3.84,50,,,,,,,,,,,,,,,
9/11/20,Health,Health - Campaign 1,737,19,0,3.9,3.2,50,,,,,,,,,,,,,,,
9/12/20,Health,Health - Campaign 1,549,16,0,11.58,3.01,50,,,,,,,,,,,,,,,
9/13/20,Health,Health - Campaign 1,446,13,0,3.59,2.2,50,,,,,,,,,,,,,,,
6/6/20,Health,Health - Campaign 1,405,15,0,4.31,2.48,50,,,,,,,,,,,,,,,
6/8/20,Health,Health - Campaign 1,471,13,0,1.67,1.94,50,,,,,,,,,,,,,,,
6/15/20,Health,Health - Campaign 1,567,14,1,3.95,2.15,50,,,,,,,,,,,,,,,
6/17/20,Health,Health - Campaign 1,627,17,0,1.96,2.68,50,,,,,,,,,,,,,,,
6/24/20,Health,Health - Campaign 1,593,16,0,4.83,2.4,50,,,,,,,,,,,,,,,
6/26/20,Health,Health - Campaign 1,391,12,0,3.97,1.75,50,,,,,,,,,,,,,,,
7/1/20,Health,Health - Campaign 1,578,17,0,2.01,2.84,50,,,,,,,,,,,,,,,
11/10/20,Health,Health - Campaign 1,425,12,0,2.12,1.8,50,,,,,,,,,,,,,,,
11/11/20,Health,Health - Campaign 1,473,13,0,1.56,2.25,50,,,,,,,,,,,,,,,
11/24/20,Health,Health - Campaign 1,280,10,0,4.74,1.3,50,,,,,,,,,,,,,,,
11/25/20,Health,Health - Campaign 1,222,7,0,1.35,0.95,50,,,,,,,,,,,,,,,
11/26/20,Health,Health - Campaign 1,178,8,0,3.04,1.07,50,,,,,,,,,,,,,,,
11/27/20,Health,Health - Campaign 1,293,11,0,0.9,1.5,50,,,,,,,,,,,,,,,
9/27/20,Health,Health - Campaign 1,642,20,1,7,3.21,50,,,,,,,,,,,,,,,
9/28/20,Health,Health - Campaign 1,923,23,0,2.17,3.91,50,,,,,,,,,,,,,,,
9/29/20,Health,Health - Campaign 1,1014,23,1,4.42,4.83,50,,,,,,,,,,,,,,,
9/30/20,Health,Health - Campaign 1,940,23,0,3.68,3.79,50,,,,,,,,,,,,,,,
10/13/20,Health,Health - Campaign 1,1049,26,1,6.25,5.75,50,,,,,,,,,,,,,,,
10/14/20,Health,Health - Campaign 1,892,21,1,6.94,3.91,50,,,,,,,,,,,,,,,
10/15/20,Health,Health - Campaign 1,791,18,1,8.18,3.21,50,,,,,,,,,,,,,,,
10/16/20,Health,Health - Campaign 1,727,17,1,6.19,3.1,50,,,,,,,,,,,,,,,
12/11/20,Health,Health - Campaign 1,519,13,0,3.43,2.49,50,,,,,,,,,,,,,,,
12/12/20,Health,Health - Campaign 1,675,23,1,6.97,5.99,50,,,,,,,,,,,,,,,
12/13/20,Health,Health - Campaign 1,623,22,1,3.33,5.41,50,,,,,,,,,,,,,,,
12/14/20,Health,Health - Campaign 1,2300,68,2,18,18.73,50,,,,,,,,,,,,,,,
12/28/20,Health,Health - Campaign 1,4145,119,3,39.75,40.09,50,,,,,,,,,,,,,,,
12/29/20,Health,Health - Campaign 1,4188,122,3,32.12,41.79,50,,,,,,,,,,,,,,,
12/30/20,Health,Health - Campaign 1,2996,95,2,27.53,26.32,50,,,,,,,,,,,,,,,
7/3/20,Health,Health - Campaign 1,384,12,0,1.48,1.88,50,,,,,,,,,,,,,,,
7/10/20,Health,Health - Campaign 1,517,14,1,7.66,2.27,50,,,,,,,,,,,,,,,
7/12/20,Health,Health - Campaign 1,438,17,1,5.1,2.97,50,,,,,,,,,,,,,,,
7/19/20,Health,Health - Campaign 1,387,16,1,5.39,2.53,50,,,,,,,,,,,,,,,
7/21/20,Health,Health - Campaign 1,546,15,0,3.67,2.36,50,,,,,,,,,,,,,,,
7/26/20,Health,Health - Campaign 1,594,22,1,4.19,4.43,50,,,,,,,,,,,,,,,
7/28/20,Health,Health - Campaign 1,1153,35,1,1.11,7.47,50,,,,,,,,,,,,,,,
12/31/20,Health,Health - Campaign 1,1528,44,1,13.6,10.7,50,,,,,,,,,,,,,,,
10/17/20,Health,Health - Campaign 1,558,18,1,3.31,3.66,50,,,,,,,,,,,,,,,
10/30/20,Health,Health - Campaign 1,463,12,0,0,1.82,50,,,,,,,,,,,,,,,
10/31/20,Health,Health - Campaign 1,230,8,0,1.68,1.04,50,,,,,,,,,,,,,,,
11/1/20,Health,Health - Campaign 1,253,9,0,5.3,1.3,50,,,,,,,,,,,,,,,
11/2/20,Health,Health - Campaign 1,382,10,0,0.95,1.35,50,,,,,,,,,,,,,,,
8/4/20,Health,Health - Campaign 1,1901,22,0,2.4,3.07,50,,,,,,,,,,,,,,,
8/6/20,Health,Health - Campaign 1,572,13,0,0.86,1.73,50,,,,,,,,,,,,,,,
8/13/20,Health,Health - Campaign 1,338,10,0,1.92,1.11,50,,,,,,,,,,,,,,,
8/15/20,Health,Health - Campaign 1,242,9,0,4.73,1.26,50,,,,,,,,,,,,,,,
8/20/20,Health,Health - Campaign 1,522,11,0,0.76,1.43,50,,,,,,,,,,,,,,,
8/22/20,Health,Health - Campaign 1,325,11,0,0.8,1.6,50,,,,,,,,,,,,,,,
11/16/20,Health,Health - Campaign 1,362,10,0,0,1.34,50,,,,,,,,,,,,,,,
11/17/20,Health,Health - Campaign 1,341,11,0,2.09,1.73,50,,,,,,,,,,,,,,,
11/18/20,Health,Health - Campaign 1,400,12,0,2.94,2.08,50,,,,,,,,,,,,,,,
11/19/20,Health,Health - Campaign 1,322,10,0,5.09,1.64,50,,,,,,,,,,,,,,,
12/3/20,Health,Health - Campaign 1,571,19,0,4.67,3.68,50,,,,,,,,,,,,,,,
12/4/20,Health,Health - Campaign 1,434,13,1,6.03,2.59,50,,,,,,,,,,,,,,,
12/5/20,Health,Health - Campaign 1,243,9,0,3.25,1.39,50,,,,,,,,,,,,,,,
12/6/20,Health,Health - Campaign 1,267,9,0,0.98,1.45,50,,,,,,,,,,,,,,,
8/29/20,Health,Health - Campaign 1,508,16,1,5.8,3.05,50,,,,,,,,,,,,,,,
8/31/20,Health,Health - Campaign 1,899,23,0,4,4.47,50,,,,,,,,,,,,,,,
9/7/20,Health,Health - Campaign 1,468,18,0,3.75,3.01,50,,,,,,,,,,,,,,,
9/9/20,Health,Health - Campaign 1,906,24,0,0.89,4.06,50,,,,,,,,,,,,,,,
9/14/20,Health,Health - Campaign 1,797,18,0,3.14,3.3,50,,,,,,,,,,,,,,,
9/16/20,Health,Health - Campaign 1,948,22,1,3.01,4.31,50,,,,,,,,,,,,,,,
12/19/20,Health,Health - Campaign 1,1050,32,0,8.07,6.81,50,,,,,,,,,,,,,,,
12/20/20,Health,Health - Campaign 1,1365,46,1,23.7,9.78,50,,,,,,,,,,,,,,,
12/21/20,Health,Health - Campaign 1,1719,47,2,19.51,10.45,50,,,,,,,,,,,,,,,
12/22/20,Health,Health - Campaign 1,830,21,1,3.04,3.92,50,,,,,,,,,,,,,,,
12/23/20,Health,Health - Campaign 1,630,18,1,4,3.73,50,,,,,,,,,,,,,,,
9/23/20,Health,Health - Campaign 1,582,14,0,2.55,2.18,50,,,,,,,,,,,,,,,
9/25/20,Health,Health - Campaign 1,647,17,0,2.57,2.47,50,,,,,,,,,,,,,,,
10/2/20,Health,Health - Campaign 1,635,18,1,3.98,2.53,50,,,,,,,,,,,,,,,
10/4/20,Health,Health - Campaign 1,372,12,0,4.68,1.83,50,,,,,,,,,,,,,,,
10/9/20,Health,Health - Campaign 1,657,16,0,5.86,2.68,50,,,,,,,,,,,,,,,
10/11/20,Health,Health - Campaign 1,678,21,1,7.6,4.25,50,,,,,,,,,,,,,,,
10/18/20,Health,Health - Campaign 1,583,17,1,6.86,3.84,50,,,,,,,,,,,,,,,
10/20/20,Health,Health - Campaign 1,774,19,1,4.01,3.45,50,,,,,,,,,,,,,,,
10/27/20,Health,Health - Campaign 1,576,16,1,3.98,2.61,50,,,,,,,,,,,,,,,
10/29/20,Health,Health - Campaign 1,555,15,0,5.89,2.21,50,,,,,,,,,,,,,,,
11/3/20,Health,Health - Campaign 1,360,10,0,0.75,1.45,50,,,,,,,,,,,,,,,
11/5/20,Health,Health - Campaign 1,375,11,1,5.36,1.87,50,,,,,,,,,,,,,,,
11/7/20,Health,Health - Campaign 1,255,8,0,3.07,1.42,50,,,,,,,,,,,,,,,
11/12/20,Health,Health - Campaign 1,475,12,0,2.46,2.23,50,,,,,,,,,,,,,,,
11/14/20,Health,Health - Campaign 1,252,9,0,6.12,1.38,50,,,,,,,,,,,,,,,
11/21/20,Health,Health - Campaign 1,209,8,0,1.22,0.98,50,,,,,,,,,,,,,,,
11/23/20,Health,Health - Campaign 1,247,9,0,4.71,1.11,50,,,,,,,,,,,,,,,
11/28/20,Health,Health - Campaign 1,329,11,0,2.14,1.89,50,,,,,,,,,,,,,,,
11/30/20,Health,Health - Campaign 1,588,17,0,3.25,2.85,50,,,,,,,,,,,,,,,
12/2/20,Health,Health - Campaign 1,662,20,1,5.48,4.37,50,,,,,,,,,,,,,,,
12/7/20,Health,Health - Campaign 1,343,11,0,1.7,1.66,50,,,,,,,,,,,,,,,
12/9/20,Health,Health - Campaign 1,455,13,0,3.7,2.24,50,,,,,,,,,,,,,,,
12/16/20,Health,Health - Campaign 1,684,17,0,4.87,3.51,50,,,,,,,,,,,,,,,
12/18/20,Health,Health - Campaign 1,388,10,0,0,1.33,50,,,,,,,,,,,,,,,
12/25/20,Health,Health - Campaign 1,1202,35,1,12.56,10.25,50,,,,,,,,,,,,,,,
12/27/20,Health,Health - Campaign 1,2696,90,2,29.52,29.62,50,,,,,,,,,,,,,,,
9/24/20,Health,Health - Campaign 1,696,17,1,3.1,2.73,50,,,,,,,,,,,,,,,
9/26/20,Health,Health - Campaign 1,558,18,1,7.95,2.81,50,,,,,,,,,,,,,,,
10/1/20,Health,Health - Campaign 1,864,20,0,3.13,3.1,50,,,,,,,,,,,,,,,
10/3/20,Health,Health - Campaign 1,432,15,0,2.05,2.49,50,,,,,,,,,,,,,,,
10/10/20,Health,Health - Campaign 1,587,20,0,6.15,3.72,50,,,,,,,,,,,,,,,
10/12/20,Health,Health - Campaign 1,1016,26,1,3.82,5.08,50,,,,,,,,,,,,,,,
10/19/20,Health,Health - Campaign 1,858,20,1,1.89,3.54,50,,,,,,,,,,,,,,,
10/21/20,Health,Health - Campaign 1,760,19,1,4.17,3.5,50,,,,,,,,,,,,,,,
10/26/20,Health,Health - Campaign 1,571,15,0,1.5,2.37,50,,,,,,,,,,,,,,,
10/28/20,Health,Health - Campaign 1,678,18,0,1.68,3.16,50,,,,,,,,,,,,,,,
11/4/20,Health,Health - Campaign 1,311,9,0,3.2,1.27,50,,,,,,,,,,,,,,,
11/6/20,Health,Health - Campaign 1,351,10,0,5.77,1.51,50,,,,,,,,,,,,,,,
11/13/20,Health,Health - Campaign 1,376,9,0,1.89,1.46,50,,,,,,,,,,,,,,,
11/15/20,Health,Health - Campaign 1,260,9,0,0.95,1.64,50,,,,,,,,,,,,,,,
11/20/20,Health,Health - Campaign 1,257,10,0,1.73,1.22,50,,,,,,,,,,,,,,,
11/22/20,Health,Health - Campaign 1,180,8,0,2.96,1.05,50,,,,,,,,,,,,,,,
11/29/20,Health,Health - Campaign 1,457,18,0,2.77,3.26,50,,,,,,,,,,,,,,,
12/1/20,Health,Health - Campaign 1,617,16,0,2.54,3.71,50,,,,,,,,,,,,,,,
12/8/20,Health,Health - Campaign 1,412,12,0,3.42,2.09,50,,,,,,,,,,,,,,,
12/10/20,Health,Health - Campaign 1,535,16,0,4.21,2.87,50,,,,,,,,,,,,,,,
12/15/20,Health,Health - Campaign 1,3297,101,3,23.07,28.1,50,,,,,,,,,,,,,,,
12/17/20,Health,Health - Campaign 1,298,7,0,2.16,0.87,50,,,,,,,,,,,,,,,
12/24/20,Health,Health - Campaign 1,1321,39,2,19.34,11.83,50,,,,,,,,,,,,,,,
12/26/20,Health,Health - Campaign 1,2236,60,2,20.8,18.86,50,,,,,,,,,,,,,,,